<?xml version="1.0" encoding="UTF-8"?>
<!DOCTYPE html PUBLIC "-//W3C//DTD XHTML 1.0 Transitional//EN"
    "http://www.w3.org/TR/xhtml1/DTD/xhtml1-transitional.dtd">
<html xmlns="http://www.w3.org/1999/xhtml" xml:lang="en" lang="en">
 <head>
  <title>
</title>
<meta http-equiv="Content-Type" content="text/html;charset=utf-8" />
  <meta name='ocr-system' content='tesseract 3.04.00' />
  <meta name='ocr-capabilities' content='ocr_page ocr_carea ocr_par ocr_line ocrx_word'/>
</head>
<body>
  <div class='ocr_page' id='page_1' title='image "./4626141_0013.png"; bbox 0 0 2138 3107; ppageno 0'>
   <div class='ocr_carea' id='block_1_1' title="bbox 1086 290 1111 327">
    <p class='ocr_par' dir='ltr' id='par_1_1' title="bbox 1086 290 1111 327">
     <span class='ocr_line' id='line_1_1' title="bbox 1086 290 1111 327; baseline 0 0"><span class='ocrx_word' id='word_1_1' title='bbox 1086 290 1111 327; x_wconf 89' lang='lat'>5</span> 
     </span>
    </p>
   </div>
   <div class='ocr_carea' id='block_1_2' title="bbox 247 416 1934 2669">
    <p class='ocr_par' dir='ltr' id='par_1_2' title="bbox 247 416 1934 2669">
     <span class='ocr_line' id='line_1_2' title="bbox 262 416 1934 463; baseline 0 -11"><span class='ocrx_word' id='word_1_2' title='bbox 262 420 499 463; x_wconf 83' lang='lat' dir='ltr'><strong>diligentissime</strong></span> <span class='ocrx_word' id='word_1_3' title='bbox 533 418 722 450; x_wconf 82' lang='lat' dir='ltr'><strong>observatae</strong></span> <span class='ocrx_word' id='word_1_4' title='bbox 758 419 927 460; x_wconf 82' lang='lat' dir='ltr'><strong>repugnet,</strong></span> <span class='ocrx_word' id='word_1_5' title='bbox 958 416 1120 450; x_wconf 85' lang='lat' dir='ltr'><strong>Bekkerus</strong></span> <span class='ocrx_word' id='word_1_6' title='bbox 1153 421 1183 450; x_wconf 90' lang='lat' dir='ltr'><strong>et</strong></span> <span class='ocrx_word' id='word_1_7' title='bbox 1215 417 1392 451; x_wconf 88' lang='lat' dir='ltr'><strong>Dindorfius</strong></span> <span class='ocrx_word' id='word_1_8' title='bbox 1418 418 1556 461; x_wconf 91' lang='lat' dir='ltr'><strong>jonicam</strong></span> <span class='ocrx_word' id='word_1_9' title='bbox 1587 419 1781 462; x_wconf 84' lang='lat' dir='ltr'><strong>pronominis</strong></span> <span class='ocrx_word' id='word_1_10' title='bbox 1813 419 1934 452; x_wconf 82' lang='lat' dir='ltr'><strong>relativi</strong></span> 
     </span>
     <span class='ocr_line' id='line_1_3' title="bbox 262 480 1932 526; baseline -0.001 -9"><span class='ocrx_word' id='word_1_11' title='bbox 262 484 393 517; x_wconf 81' lang='lat' dir='ltr'><strong>formam</strong></span> <span class='ocrx_word' id='word_1_12' title='bbox 423 484 473 526; x_wconf 81' lang='grc' dir='ltr'><em>τῷ</em></span> <span class='ocrx_word' id='word_1_13' title='bbox 501 481 678 514; x_wconf 81' lang='lat' dir='ltr'><strong>restituisse</strong></span> <span class='ocrx_word' id='word_1_14' title='bbox 709 480 784 512; x_wconf 90' lang='lat' dir='ltr'><strong>satis</strong></span> <span class='ocrx_word' id='word_1_15' title='bbox 814 480 1003 522; x_wconf 90' lang='lat' dir='ltr'><strong>habuerunt,</strong></span> <span class='ocrx_word' id='word_1_16' title='bbox 1034 481 1153 524; x_wconf 85' lang='lat' dir='ltr'><strong>reliqua</strong></span> <span class='ocrx_word' id='word_1_17' title='bbox 1180 482 1222 515; x_wconf 86' lang='lat' dir='ltr'><strong>ita</strong></span> <span class='ocrx_word' id='word_1_18' title='bbox 1252 483 1295 515; x_wconf 93' lang='lat' dir='ltr'><strong>uti</strong></span> <span class='ocrx_word' id='word_1_19' title='bbox 1325 492 1418 525; x_wconf 91' lang='lat' dir='ltr'><strong>supra</strong></span> <span class='ocrx_word' id='word_1_20' title='bbox 1441 483 1624 525; x_wconf 86' lang='lat' dir='ltr'><strong>scripsimus</strong></span> <span class='ocrx_word' id='word_1_21' title='bbox 1648 483 1822 516; x_wconf 67' lang='lat' dir='ltr'><strong>ediderunt.</strong></span> <span class='ocrx_word' id='word_1_22' title='bbox 1869 483 1932 516; x_wconf 91' lang='lat' dir='ltr'><strong>Sed</strong></span> 
     </span>
     <span class='ocr_line' id='line_1_4' title="bbox 257 543 1930 591; baseline -0.002 -10"><span class='ocrx_word' id='word_1_23' title='bbox 257 549 321 591; x_wconf 87' lang='lat' dir='ltr'><strong>jam</strong></span> <span class='ocrx_word' id='word_1_24' title='bbox 346 546 570 580; x_wconf 79' lang='lat' dir='ltr'><strong>Valckenarius</strong></span> <span class='ocrx_word' id='word_1_25' title='bbox 594 545 656 576; x_wconf 91' lang='lat' dir='ltr'><strong>hoc</strong></span> <span class='ocrx_word' id='word_1_26' title='bbox 680 543 801 576; x_wconf 91' lang='lat' dir='ltr'><strong>dicendi</strong></span> <span class='ocrx_word' id='word_1_27' title='bbox 826 554 945 587; x_wconf 87' lang='lat' dir='ltr'><strong>genere</strong></span> <span class='ocrx_word' id='word_1_28' title='bbox 969 545 1110 579; x_wconf 81' lang='lat' dir='ltr'><strong>offensus</strong></span> <span class='ocrx_word' id='word_1_29' title='bbox 1133 546 1219 588; x_wconf 89' lang='lat' dir='ltr'><strong>prius</strong></span> <span class='ocrx_word' id='word_1_30' title='bbox 1244 544 1317 579; x_wconf 82' lang='grc' dir='ltr'><em>εἶπε</em></span> <span class='ocrx_word' id='word_1_31' title='bbox 1340 546 1493 589; x_wconf 88' lang='lat' dir='ltr'><strong>adjectum</strong></span> <span class='ocrx_word' id='word_1_32' title='bbox 1516 550 1720 588; x_wconf 88' lang='lat' dir='ltr'><strong>veteremque</strong></span> <span class='ocrx_word' id='word_1_33' title='bbox 1744 547 1930 589; x_wconf 87' lang='lat' dir='ltr'><strong>scripturam</strong></span> 
     </span>
     <span class='ocr_line' id='line_1_5' title="bbox 261 605 1930 652; baseline -0.001 -9"><span class='ocrx_word' id='word_1_34' title='bbox 261 612 340 644; x_wconf 84' lang='lat' dir='ltr'><strong>lianc</strong></span> <span class='ocrx_word' id='word_1_35' title='bbox 363 610 464 643; x_wconf 80' lang='lat' dir='ltr'><strong>fuisse</strong></span> <span class='ocrx_word' id='word_1_36' title='bbox 487 608 629 651; x_wconf 86' lang='lat' dir='ltr'><strong>putabat:</strong></span> <span class='ocrx_word' id='word_1_37' title='bbox 659 607 708 650; x_wconf 82' lang='grc' dir='ltr'><em>τῷ</em></span> <span class='ocrx_word' id='word_1_38' title='bbox 728 607 788 639; x_wconf 82' lang='grc' dir='ltr'><strong>καὶ</strong></span> <span class='ocrx_word' id='word_1_39' title='bbox 811 605 851 639; x_wconf 90' lang='grc' dir='ltr'><em>τὸ</em></span> <span class='ocrx_word' id='word_1_40' title='bbox 874 608 1070 642; x_wconf 77' lang='grc' dir='ltr'><em>τελευταῖον</em></span> <span class='ocrx_word' id='word_1_41' title='bbox 1092 608 1414 652; x_wconf 79' lang='grc' dir='ltr'><em>χρηστηριαζομένῳ</em></span> <span class='ocrx_word' id='word_1_42' title='bbox 1438 607 1483 643; x_wconf 72' lang='grc' dir='ltr'><em>τὰ</em></span> <span class='ocrx_word' id='word_1_43' title='bbox 1505 608 1577 642; x_wconf 83' lang='grc' dir='ltr'><em>εἶπε</em></span> <span class='ocrx_word' id='word_1_44' title='bbox 1599 609 1734 651; x_wconf 79' lang='grc' dir='ltr'><em>Λοξίης</em></span> <span class='ocrx_word' id='word_1_45' title='bbox 1757 610 1833 652; x_wconf 83' lang='grc' dir='ltr'><em>περὶ</em></span> <span class='ocrx_word' id='word_1_46' title='bbox 1856 608 1930 652; x_wconf 80' lang='grc' dir='ltr'><em>ἡμι-</em></span> 
     </span>
     <span class='ocr_line' id='line_1_6' title="bbox 261 669 1928 715; baseline -0.001 -9"><span class='ocrx_word' id='word_1_47' title='bbox 261 673 346 707; x_wconf 88' lang='grc' dir='ltr'><em>όνου</em></span> <span class='ocrx_word' id='word_1_48' title='bbox 369 672 449 707; x_wconf 76' lang='grc' dir='ltr'><em>οὐδὲ</em></span> <span class='ocrx_word' id='word_1_49' title='bbox 475 673 580 704; x_wconf 89' lang='grc' dir='ltr'><em>τοῦτο</em></span> <span class='ocrx_word' id='word_1_50' title='bbox 604 669 777 714; x_wconf 75' lang='grc' dir='ltr'><em>συνέλαβε.</em></span> <span class='ocrx_word' id='word_1_51' title='bbox 824 670 923 703; x_wconf 89' lang='lat' dir='ltr'><strong>Aliam</strong></span> <span class='ocrx_word' id='word_1_52' title='bbox 950 672 1029 704; x_wconf 86' lang='lat' dir='ltr'><strong>viam</strong></span> <span class='ocrx_word' id='word_1_53' title='bbox 1057 673 1221 715; x_wconf 88' lang='lat' dir='ltr'><strong>ingressus</strong></span> <span class='ocrx_word' id='word_1_54' title='bbox 1250 677 1298 704; x_wconf 91' lang='lat' dir='ltr'><strong>est</strong></span> <span class='ocrx_word' id='word_1_55' title='bbox 1325 672 1500 705; x_wconf 89' lang='lat' dir='ltr'><strong>Bredovius</strong></span> <span class='ocrx_word' id='word_1_56' title='bbox 1528 673 1759 712; x_wconf 91' lang='lat' dir='ltr'><strong>Berolinensis,</strong></span> <span class='ocrx_word' id='word_1_57' title='bbox 1793 674 1824 704; x_wconf 94' lang='lat' dir='ltr'><strong>in</strong></span> <span class='ocrx_word' id='word_1_58' title='bbox 1847 673 1928 705; x_wconf 86' lang='lat' dir='ltr'><strong>libro</strong></span> 
     </span>
     <span class='ocr_line' id='line_1_7' title="bbox 260 734 1927 779; baseline -0.002 -9"><span class='ocrx_word' id='word_1_59' title='bbox 260 737 402 770; x_wconf 89' lang='lat' dir='ltr'><strong>immensi</strong></span> <span class='ocrx_word' id='word_1_60' title='bbox 430 735 564 775; x_wconf 88' lang='lat' dir='ltr'><strong>laboris,</strong></span> <span class='ocrx_word' id='word_1_61' title='bbox 597 734 649 777; x_wconf 90' lang='lat' dir='ltr'><strong>qui</strong></span> <span class='ocrx_word' id='word_1_62' title='bbox 680 734 802 767; x_wconf 84' lang='lat' dir='ltr'><strong>criticas</strong></span> <span class='ocrx_word' id='word_1_63' title='bbox 833 734 872 767; x_wconf 91' lang='lat' dir='ltr'><strong>de</strong></span> <span class='ocrx_word' id='word_1_64' title='bbox 901 734 1031 768; x_wconf 88' lang='lat' dir='ltr'><strong>dialecto</strong></span> <span class='ocrx_word' id='word_1_65' title='bbox 1061 736 1238 769; x_wconf 87' lang='lat' dir='ltr'><strong>Herodotea</strong></span> <span class='ocrx_word' id='word_1_66' title='bbox 1269 737 1470 779; x_wconf 84' lang='lat' dir='ltr'><strong>quaestiones</strong></span> <span class='ocrx_word' id='word_1_67' title='bbox 1500 737 1651 777; x_wconf 78' lang='lat' dir='ltr'><strong>continet,</strong></span> <span class='ocrx_word' id='word_1_68' title='bbox 1685 747 1701 768; x_wconf 86' lang='lat' dir='ltr'><strong>a</strong></span> <span class='ocrx_word' id='word_1_69' title='bbox 1726 747 1754 779; x_wconf 95' lang='lat' dir='ltr'><strong>p.</strong></span> <span class='ocrx_word' id='word_1_70' title='bbox 1780 736 1823 768; x_wconf 85' lang='lat'><strong>29</strong></span> <span class='ocrx_word' id='word_1_71' title='bbox 1847 737 1927 769; x_wconf 83' lang='lat' dir='ltr'><strong>haec</strong></span> 
     </span>
     <span class='ocr_line' id='line_1_8' title="bbox 259 798 1924 842; baseline -0.001 -10"><span class='ocrx_word' id='word_1_72' title='bbox 259 802 435 842; x_wconf 85' lang='lat' dir='ltr'><strong>disputans:</strong></span> <span class='ocrx_word' id='word_1_73' title='bbox 471 799 523 838; x_wconf 61' lang='lat' dir='ltr'><strong>„Si</strong></span> <span class='ocrx_word' id='word_1_74' title='bbox 553 808 610 830; x_wconf 91' lang='lat' dir='ltr'><strong>eos</strong></span> <span class='ocrx_word' id='word_1_75' title='bbox 640 799 743 838; x_wconf 91' lang='lat' dir='ltr'><strong>locos,</strong></span> <span class='ocrx_word' id='word_1_76' title='bbox 775 808 906 840; x_wconf 86' lang='lat' dir='ltr'><strong>quorum</strong></span> <span class='ocrx_word' id='word_1_77' title='bbox 934 799 972 831; x_wconf 87' lang='lat' dir='ltr'><strong>ad</strong></span> <span class='ocrx_word' id='word_1_78' title='bbox 1001 800 1228 832; x_wconf 89' lang='lat' dir='ltr'><strong>similitudinem</strong></span> <span class='ocrx_word' id='word_1_79' title='bbox 1258 799 1331 831; x_wconf 90' lang='lat' dir='ltr'><strong>illud</strong></span> <span class='ocrx_word' id='word_1_80' title='bbox 1354 798 1425 832; x_wconf 83' lang='grc' dir='ltr'><em>εἶπε</em></span> <span class='ocrx_word' id='word_1_81' title='bbox 1447 798 1492 833; x_wconf 77' lang='grc' dir='ltr'><em>τά</em></span> <span class='ocrx_word' id='word_1_82' title='bbox 1516 798 1588 832; x_wconf 79' lang='grc' dir='ltr'><em>εἷπε</em></span> <span class='ocrx_word' id='word_1_83' title='bbox 1612 800 1841 832; x_wconf 88' lang='lat' dir='ltr'><strong>conformatum</strong></span> <span class='ocrx_word' id='word_1_84' title='bbox 1866 804 1924 840; x_wconf 89' lang='lat' dir='ltr'><strong>est,</strong></span> 
     </span>
     <span class='ocr_line' id='line_1_9' title="bbox 259 860 1923 905; baseline 0.001 -11"><span class='ocrx_word' id='word_1_85' title='bbox 259 863 339 894; x_wconf 86' lang='lat' dir='ltr'><strong>inter</strong></span> <span class='ocrx_word' id='word_1_86' title='bbox 367 871 403 894; x_wconf 90' lang='lat' dir='ltr'><strong>se</strong></span> <span class='ocrx_word' id='word_1_87' title='bbox 432 861 729 904; x_wconf 87' lang='lat' dir='ltr'><strong>comparaverimus,</strong></span> <span class='ocrx_word' id='word_1_88' title='bbox 762 861 851 893; x_wconf 85' lang='lat' dir='ltr'><strong>taleni</strong></span> <span class='ocrx_word' id='word_1_89' title='bbox 881 860 1044 894; x_wconf 90' lang='lat' dir='ltr'><strong>dictionem</strong></span> <span class='ocrx_word' id='word_1_90' title='bbox 1072 862 1113 895; x_wconf 91' lang='lat' dir='ltr'><strong>ibi</strong></span> <span class='ocrx_word' id='word_1_91' title='bbox 1143 866 1258 895; x_wconf 90' lang='lat' dir='ltr'><strong>tantum</strong></span> <span class='ocrx_word' id='word_1_92' title='bbox 1282 862 1422 895; x_wconf 88' lang='lat' dir='ltr'><strong>obtinere</strong></span> <span class='ocrx_word' id='word_1_93' title='bbox 1449 863 1579 905; x_wconf 88' lang='lat' dir='ltr'><strong>patebit,</strong></span> <span class='ocrx_word' id='word_1_94' title='bbox 1610 863 1662 895; x_wconf 91' lang='lat' dir='ltr'><strong>ubi</strong></span> <span class='ocrx_word' id='word_1_95' title='bbox 1686 862 1799 896; x_wconf 89' lang='lat' dir='ltr'><strong>eodem</strong></span> <span class='ocrx_word' id='word_1_96' title='bbox 1824 864 1923 895; x_wconf 88' lang='lat' dir='ltr'><strong>verbo</strong></span> 
     </span>
     <span class='ocr_line' id='line_1_10' title="bbox 259 925 1923 968; baseline 0 -9"><span class='ocrx_word' id='word_1_97' title='bbox 259 926 390 968; x_wconf 89' lang='lat' dir='ltr'><strong>quadam</strong></span> <span class='ocrx_word' id='word_1_98' title='bbox 419 936 489 958; x_wconf 92' lang='lat' dir='ltr'><strong>cum</strong></span> <span class='ocrx_word' id='word_1_99' title='bbox 517 925 654 967; x_wconf 86' lang='lat' dir='ltr'><strong>emphasi</strong></span> <span class='ocrx_word' id='word_1_100' title='bbox 685 926 816 967; x_wconf 86' lang='lat' dir='ltr'><strong>repetito</strong></span> <span class='ocrx_word' id='word_1_101' title='bbox 846 935 903 968; x_wconf 90' lang='lat' dir='ltr'><strong>pro</strong></span> <span class='ocrx_word' id='word_1_102' title='bbox 934 936 990 958; x_wconf 88' lang='lat' dir='ltr'><strong>sua</strong></span> <span class='ocrx_word' id='word_1_103' title='bbox 1018 927 1116 968; x_wconf 90' lang='lat' dir='ltr'><strong>ipsius</strong></span> <span class='ocrx_word' id='word_1_104' title='bbox 1145 927 1192 959; x_wconf 89' lang='lat' dir='ltr'><strong>rei</strong></span> <span class='ocrx_word' id='word_1_105' title='bbox 1224 926 1429 968; x_wconf 86' lang='lat' dir='ltr'><strong>appellatione</strong></span> <span class='ocrx_word' id='word_1_106' title='bbox 1458 936 1572 958; x_wconf 88' lang='lat' dir='ltr'><strong>nomen</strong></span> <span class='ocrx_word' id='word_1_107' title='bbox 1603 927 1829 959; x_wconf 88' lang='lat' dir='ltr'><strong>substantivum</strong></span> <span class='ocrx_word' id='word_1_108' title='bbox 1855 929 1923 960; x_wconf 60' lang='lat' dir='ltr'><strong>siv(¹</strong></span> 
     </span>
     <span class='ocr_line' id='line_1_11' title="bbox 258 988 1922 1031; baseline 0.001 -11"><span class='ocrx_word' id='word_1_109' title='bbox 258 989 331 1020; x_wconf 94' lang='lat' dir='ltr'><strong>illud</strong></span> <span class='ocrx_word' id='word_1_110' title='bbox 361 998 402 1020; x_wconf 83' lang='lat' dir='ltr'><strong>ex</strong></span> <span class='ocrx_word' id='word_1_111' title='bbox 433 988 541 1020; x_wconf 87' lang='lat' dir='ltr'><strong>eadem</strong></span> <span class='ocrx_word' id='word_1_112' title='bbox 573 998 632 1029; x_wconf 87' lang='lat' dir='ltr'><strong>qua</strong></span> <span class='ocrx_word' id='word_1_113' title='bbox 665 988 793 1020; x_wconf 82' lang='lat' dir='ltr'><strong>vei-bum</strong></span> <span class='ocrx_word' id='word_1_114' title='bbox 824 988 920 1030; x_wconf 90' lang='lat' dir='ltr'><strong>stirpe</strong></span> <span class='ocrx_word' id='word_1_115' title='bbox 951 988 1163 1030; x_wconf 85' lang='lat' dir='ltr'><strong>repetendum,</strong></span> <span class='ocrx_word' id='word_1_116' title='bbox 1202 988 1272 1020; x_wconf 90' lang='lat' dir='ltr'><strong>sive</strong></span> <span class='ocrx_word' id='word_1_117' title='bbox 1305 998 1346 1020; x_wconf 86' lang='lat' dir='ltr'><strong>ex</strong></span> <span class='ocrx_word' id='word_1_118' title='bbox 1378 989 1451 1029; x_wconf 87' lang='lat' dir='ltr'><strong>alia,</strong></span> <span class='ocrx_word' id='word_1_119' title='bbox 1487 999 1544 1031; x_wconf 88' lang='lat' dir='ltr'><strong>per</strong></span> <span class='ocrx_word' id='word_1_120' title='bbox 1566 998 1741 1030; x_wconf 89' lang='lat' dir='ltr'><strong>pronomen</strong></span> <span class='ocrx_word' id='word_1_121' title='bbox 1765 989 1922 1031; x_wconf 86' lang='lat' dir='ltr'><strong>quoddam</strong></span> 
     </span>
     <span class='ocr_line' id='line_1_12' title="bbox 258 1049 1921 1094; baseline 0.001 -11"><span class='ocrx_word' id='word_1_122' title='bbox 258 1052 377 1094; x_wconf 89' lang='lat' dir='ltr'><strong>maj0re</strong></span> <span class='ocrx_word' id='word_1_123' title='bbox 400 1062 470 1084; x_wconf 88' lang='lat' dir='ltr'><strong>cum</strong></span> <span class='ocrx_word' id='word_1_124' title='bbox 492 1052 522 1083; x_wconf 90' lang='lat' dir='ltr'><strong>vi</strong></span> <span class='ocrx_word' id='word_1_125' title='bbox 547 1051 697 1083; x_wconf 88' lang='lat' dir='ltr'><strong>indicatur</strong></span> <span class='ocrx_word' id='word_1_126' title='bbox 704 1062 713 1091; x_wconf 82' lang='lat'><em>3</em></span> <span class='ocrx_word' id='word_1_127' title='bbox 745 1052 790 1083; x_wconf 90' lang='lat' dir='ltr'><strong>sic</strong></span> <span class='ocrx_word' id='word_1_128' title='bbox 813 1051 834 1083; x_wconf 92' lang='lat'><strong>1.</strong></span> <span class='ocrx_word' id='word_1_129' title='bbox 853 1050 896 1083; x_wconf 90' lang='grc'><strong>39</strong></span> <span class='ocrx_word' id='word_1_130' title='bbox 920 1053 948 1084; x_wconf 86' lang='grc' dir='ltr'><strong>εὶ</strong></span> <span class='ocrx_word' id='word_1_131' title='bbox 972 1050 1039 1094; x_wconf 79' lang='grc' dir='ltr'><strong>γὰρ</strong></span> <span class='ocrx_word' id='word_1_132' title='bbox 1062 1049 1116 1084; x_wconf 85' lang='grc' dir='ltr'><strong>ὑπ’</strong></span> <span class='ocrx_word' id='word_1_133' title='bbox 1141 1050 1287 1089; x_wconf 83' lang='grc' dir='ltr'><em>ὀδόντος</em></span> <span class='ocrx_word' id='word_1_134' title='bbox 1310 1063 1365 1084; x_wconf 89' lang='grc' dir='ltr'><em>τοι</em></span> <span class='ocrx_word' id='word_1_135' title='bbox 1387 1049 1458 1084; x_wconf 76' lang='grc' dir='ltr'><em>εἶπε</em></span> <span class='ocrx_word' id='word_1_136' title='bbox 1481 1051 1691 1091; x_wconf 80' lang='grc' dir='ltr'><em>τελευτήσειν</em></span> <span class='ocrx_word' id='word_1_137' title='bbox 1712 1064 1753 1094; x_wconf 86' lang='grc' dir='ltr'><strong>με</strong></span> <span class='ocrx_word' id='word_1_138' title='bbox 1773 1071 1814 1075; x_wconf 84' lang='lat'>—</span> <span class='ocrx_word' id='word_1_139' title='bbox 1832 1053 1921 1094; x_wconf 76' lang='grc' dir='ltr'><em>χρῆν</em></span> 
     </span>
     <span class='ocr_line' id='line_1_13' title="bbox 255 1110 1921 1152; baseline 0.001 -6"><span class='ocrx_word' id='word_1_140' title='bbox 255 1113 296 1147; x_wconf 77' lang='grc' dir='ltr'><strong>δέ</strong></span> <span class='ocrx_word' id='word_1_141' title='bbox 316 1124 353 1147; x_wconf 85' lang='grc' dir='ltr'><strong>σε</strong></span> <span class='ocrx_word' id='word_1_142' title='bbox 375 1118 500 1148; x_wconf 77' lang='grc' dir='ltr'><em>ποιέειν</em></span> <span class='ocrx_word' id='word_1_143' title='bbox 523 1112 567 1148; x_wconf 79' lang='grc' dir='ltr'><em>τοὶ</em></span> <span class='ocrx_word' id='word_1_144' title='bbox 591 1118 722 1152; x_wconf 81' lang='grc' dir='ltr'><em>ποιέεις.</em></span> <span class='ocrx_word' id='word_1_145' title='bbox 758 1114 779 1146; x_wconf 91' lang='lat'><strong>1.</strong></span> <span class='ocrx_word' id='word_1_146' title='bbox 803 1113 869 1146; x_wconf 87' lang='lat'><strong>206</strong></span> <span class='ocrx_word' id='word_1_147' title='bbox 892 1115 1023 1147; x_wconf 84' lang='grc' dir='ltr'><em>παῦσαι</em></span> <span class='ocrx_word' id='word_1_148' title='bbox 1047 1110 1201 1147; x_wconf 79' lang='grc' dir='ltr'><em>σπεύδων</em></span> <span class='ocrx_word' id='word_1_149' title='bbox 1224 1112 1270 1147; x_wconf 72' lang='grc' dir='ltr'><em>τὰ</em></span> <span class='ocrx_word' id='word_1_150' title='bbox 1293 1113 1455 1151; x_wconf 81' lang='grc' dir='ltr'><em>σπεύδεις.</em></span> <span class='ocrx_word' id='word_1_151' title='bbox 1489 1114 1522 1146; x_wconf 89' lang='lat' dir='ltr'><strong>ll.</strong></span> <span class='ocrx_word' id='word_1_152' title='bbox 1545 1113 1590 1146; x_wconf 90' lang='grc'><strong>49</strong></span> <span class='ocrx_word' id='word_1_153' title='bbox 1614 1114 1672 1146; x_wconf 81' lang='grc' dir='ltr'><strong>καὶ</strong></span> <span class='ocrx_word' id='word_1_154' title='bbox 1698 1113 1768 1147; x_wconf 70' lang='lat' dir='ltr'><strong>dm)</strong></span> <span class='ocrx_word' id='word_1_155' title='bbox 1793 1114 1921 1148; x_wconf 82' lang='grc' dir='ltr'><em>τούτου</em></span> 
     </span>
     <span class='ocr_line' id='line_1_14' title="bbox 255 1174 1918 1220; baseline -0.001 -10"><span class='ocrx_word' id='word_1_156' title='bbox 255 1176 434 1219; x_wconf 74' lang='grc' dir='ltr'><em>μαθόντες</em></span> <span class='ocrx_word' id='word_1_157' title='bbox 458 1178 588 1209; x_wconf 82' lang='grc' dir='ltr'><em>ποιεῦσι</em></span> <span class='ocrx_word' id='word_1_158' title='bbox 610 1174 654 1210; x_wconf 79' lang='grc' dir='ltr'><em>τοὶ</em></span> <span class='ocrx_word' id='word_1_159' title='bbox 675 1178 805 1210; x_wconf 83' lang='grc' dir='ltr'><em>ποιεῦσι</em></span> <span class='ocrx_word' id='word_1_160' title='bbox 822 1175 993 1216; x_wconf 63' lang='grc' dir='ltr'><em>’Έλληνες</em></span> <span class='ocrx_word' id='word_1_161' title='bbox 1026 1176 1073 1208; x_wconf 91' lang='lat'><strong>111.</strong></span> <span class='ocrx_word' id='word_1_162' title='bbox 1100 1176 1140 1208; x_wconf 88' lang='lat'><strong>16</strong></span> <span class='ocrx_word' id='word_1_163' title='bbox 1161 1175 1371 1220; x_wconf 84' lang='grc' dir='ltr'><em>βουλόμενος</em></span> <span class='ocrx_word' id='word_1_164' title='bbox 1394 1177 1533 1216; x_wconf 79' lang='grc' dir='ltr'><em>ποιῆσαι</em></span> <span class='ocrx_word' id='word_1_165' title='bbox 1556 1175 1601 1210; x_wconf 74' lang='grc' dir='ltr'><em>τά</em></span> <span class='ocrx_word' id='word_1_166' title='bbox 1625 1175 1667 1216; x_wconf 79' lang='grc' dir='ltr'><strong>δὴ</strong></span> <span class='ocrx_word' id='word_1_167' title='bbox 1689 1177 1748 1209; x_wconf 83' lang='grc' dir='ltr'><strong>καὶ</strong></span> <span class='ocrx_word' id='word_1_168' title='bbox 1772 1178 1918 1216; x_wconf 71' lang='grc' dir='ltr'><em>ἐποίησε.</em></span> 
     </span>
     <span class='ocr_line' id='line_1_15' title="bbox 255 1238 1919 1283; baseline 0 -11"><span class='ocrx_word' id='word_1_169' title='bbox 255 1239 300 1272; x_wconf 85' lang='lat' dir='ltr'><strong>cf.</strong></span> <span class='ocrx_word' id='word_1_170' title='bbox 325 1244 355 1272; x_wconf 91' lang='lat' dir='ltr'><strong>ct</strong></span> <span class='ocrx_word' id='word_1_171' title='bbox 378 1240 411 1272; x_wconf 87' lang='lat'><strong>11.</strong></span> <span class='ocrx_word' id='word_1_172' title='bbox 436 1239 487 1272; x_wconf 89' lang='lat'><strong>93.</strong></span> <span class='ocrx_word' id='word_1_173' title='bbox 532 1240 580 1272; x_wconf 88' lang='lat'><strong>111.</strong></span> <span class='ocrx_word' id='word_1_174' title='bbox 607 1239 678 1272; x_wconf 85' lang='lat'><strong>156.</strong></span> <span class='ocrx_word' id='word_1_175' title='bbox 725 1240 760 1272; x_wconf 77' lang='lat' dir='ltr'><strong>V.</strong></span> <span class='ocrx_word' id='word_1_176' title='bbox 783 1239 836 1272; x_wconf 84' lang='lat'><strong>86.</strong></span> <span class='ocrx_word' id='word_1_177' title='bbox 882 1239 943 1272; x_wconf 83' lang='lat' dir='ltr'><strong>VII.</strong></span> <span class='ocrx_word' id='word_1_178' title='bbox 970 1239 1032 1271; x_wconf 83' lang='lat'><strong>175</strong></span> <span class='ocrx_word' id='word_1_179' title='bbox 1057 1238 1219 1283; x_wconf 79' lang='lat' dir='ltr'><strong>(?).1v.</strong></span> <span class='ocrx_word' id='word_1_180' title='bbox 1244 1239 1288 1271; x_wconf 88' lang='lat'><strong>50</strong></span> <span class='ocrx_word' id='word_1_181' title='bbox 1312 1238 1378 1283; x_wconf 82' lang='lat'><strong>(‘?).</strong></span> <span class='ocrx_word' id='word_1_182' title='bbox 1426 1239 1473 1272; x_wconf 80' lang='lat' dir='ltr'><strong>VI.</strong></span> <span class='ocrx_word' id='word_1_183' title='bbox 1497 1239 1528 1271; x_wconf 92' lang='grc'><strong>4.</strong></span> <span class='ocrx_word' id='word_1_184' title='bbox 1575 1239 1623 1271; x_wconf 79' lang='lat' dir='ltr'><strong>lv.</strong></span> <span class='ocrx_word' id='word_1_185' title='bbox 1652 1239 1724 1271; x_wconf 83' lang='lat'><strong>146.</strong></span> <span class='ocrx_word' id='word_1_186' title='bbox 1749 1260 1794 1264; x_wconf 85' lang='lat'><strong>-—</strong></span> <span class='ocrx_word' id='word_1_187' title='bbox 1818 1240 1919 1278; x_wconf 85' lang='lat' dir='ltr'><strong>Quum</strong></span> 
     </span>
     <span class='ocr_line' id='line_1_16' title="bbox 256 1301 1919 1345; baseline 0.001 -11"><span class='ocrx_word' id='word_1_188' title='bbox 256 1304 349 1345; x_wconf 85' lang='lat' dir='ltr'><strong>igitur</strong></span> <span class='ocrx_word' id='word_1_189' title='bbox 372 1302 444 1334; x_wconf 92' lang='lat' dir='ltr'><strong>illud</strong></span> <span class='ocrx_word' id='word_1_190' title='bbox 467 1302 538 1335; x_wconf 79' lang='grc' dir='ltr'><em>εἷπε</em></span> <span class='ocrx_word' id='word_1_191' title='bbox 557 1301 601 1335; x_wconf 76' lang='grc' dir='ltr'><em>τὰ</em></span> <span class='ocrx_word' id='word_1_192' title='bbox 618 1301 689 1335; x_wconf 82' lang='grc' dir='ltr'><em>εἷπε</em></span> <span class='ocrx_word' id='word_1_193' title='bbox 703 1301 835 1342; x_wconf 83' lang='grc' dir='ltr'><em>Λοξίης</em></span> <span class='ocrx_word' id='word_1_194' title='bbox 858 1307 967 1334; x_wconf 88' lang='lat' dir='ltr'><strong>nostro</strong></span> <span class='ocrx_word' id='word_1_195' title='bbox 992 1313 1010 1334; x_wconf 91' lang='lat' dir='ltr'><strong>a</strong></span> <span class='ocrx_word' id='word_1_196' title='bbox 1034 1303 1106 1334; x_wconf 90' lang='lat' dir='ltr'><strong>loco</strong></span> <span class='ocrx_word' id='word_1_197' title='bbox 1130 1303 1262 1334; x_wconf 85' lang='lat' dir='ltr'><strong>alienum</strong></span> <span class='ocrx_word' id='word_1_198' title='bbox 1286 1312 1359 1334; x_wconf 86' lang='lat' dir='ltr'><strong>esse</strong></span> <span class='ocrx_word' id='word_1_199' title='bbox 1383 1303 1432 1333; x_wconf 87' lang='lat' dir='ltr'><strong>vel</strong></span> <span class='ocrx_word' id='word_1_200' title='bbox 1456 1303 1522 1334; x_wconf 91' lang='lat' dir='ltr'><strong>istis</strong></span> <span class='ocrx_word' id='word_1_201' title='bbox 1547 1313 1587 1333; x_wconf 82' lang='lat' dir='ltr'><strong>ex</strong></span> <span class='ocrx_word' id='word_1_202' title='bbox 1611 1302 1690 1334; x_wconf 89' lang='lat' dir='ltr'><strong>locis</strong></span> <span class='ocrx_word' id='word_1_203' title='bbox 1715 1303 1791 1334; x_wconf 88' lang='lat' dir='ltr'><strong>satis</strong></span> <span class='ocrx_word' id='word_1_204' title='bbox 1816 1304 1919 1335; x_wconf 81' lang='lat' dir='ltr'><strong>inani-</strong></span> 
     </span>
     <span class='ocr_line' id='line_1_17' title="bbox 254 1364 1917 1408; baseline 0.001 -10"><span class='ocrx_word' id='word_1_205' title='bbox 254 1367 369 1399; x_wconf 82' lang='lat' dir='ltr'><strong>sestum</strong></span> <span class='ocrx_word' id='word_1_206' title='bbox 393 1376 466 1399; x_wconf 91' lang='lat' dir='ltr'><strong>esse</strong></span> <span class='ocrx_word' id='word_1_207' title='bbox 489 1366 645 1405; x_wconf 81' lang='lat' dir='ltr'><strong>videatur,</strong></span> <span class='ocrx_word' id='word_1_208' title='bbox 670 1366 721 1398; x_wconf 89' lang='lat' dir='ltr'><strong>vel</strong></span> <span class='ocrx_word' id='word_1_209' title='bbox 744 1366 801 1398; x_wconf 89' lang='lat' dir='ltr'><strong>hac</strong></span> <span class='ocrx_word' id='word_1_210' title='bbox 825 1376 866 1398; x_wconf 86' lang='lat' dir='ltr'><strong>ex</strong></span> <span class='ocrx_word' id='word_1_211' title='bbox 888 1375 998 1406; x_wconf 89' lang='lat' dir='ltr'><strong>causa,</strong></span> <span class='ocrx_word' id='word_1_212' title='bbox 1024 1365 1108 1407; x_wconf 94' lang='lat' dir='ltr'><strong>quod</strong></span> <span class='ocrx_word' id='word_1_213' title='bbox 1131 1364 1191 1406; x_wconf 73' lang='grc' dir='ltr'><em>τὰ,</em></span> <span class='ocrx_word' id='word_1_214' title='bbox 1221 1366 1248 1398; x_wconf 93' lang='lat' dir='ltr'><strong>si</strong></span> <span class='ocrx_word' id='word_1_215' title='bbox 1271 1366 1439 1408; x_wconf 83' lang='lat' dir='ltr'><strong>genuinum</strong></span> <span class='ocrx_word' id='word_1_216' title='bbox 1464 1369 1564 1406; x_wconf 82' lang='lat' dir='ltr'><strong>esset,</strong></span> <span class='ocrx_word' id='word_1_217' title='bbox 1589 1365 1627 1398; x_wconf 90' lang='lat' dir='ltr'><strong>ad</strong></span> <span class='ocrx_word' id='word_1_218' title='bbox 1651 1376 1790 1407; x_wconf 87' lang='lat' dir='ltr'><strong>sequens</strong></span> <span class='ocrx_word' id='word_1_219' title='bbox 1814 1368 1917 1399; x_wconf 84' lang='grc' dir='ltr'><em>τοῦτο</em></span> 
     </span>
     <span class='ocr_line' id='line_1_18' title="bbox 254 1426 1918 1471; baseline 0.001 -10"><span class='ocrx_word' id='word_1_220' title='bbox 254 1428 451 1461; x_wconf 82' lang='lat' dir='ltr'><strong>referendum</strong></span> <span class='ocrx_word' id='word_1_221' title='bbox 481 1432 567 1460; x_wconf 90' lang='lat' dir='ltr'><strong>esset</strong></span> <span class='ocrx_word' id='word_1_222' title='bbox 575 1440 584 1469; x_wconf 82' lang='lat'><em>3</em></span> <span class='ocrx_word' id='word_1_223' title='bbox 616 1438 718 1471; x_wconf 91' lang='lat' dir='ltr'><strong>neque</strong></span> <span class='ocrx_word' id='word_1_224' title='bbox 748 1428 840 1460; x_wconf 89' lang='lat' dir='ltr'><strong>etiam</strong></span> <span class='ocrx_word' id='word_1_225' title='bbox 872 1428 996 1460; x_wconf 91' lang='lat' dir='ltr'><strong>omnino</strong></span> <span class='ocrx_word' id='word_1_226' title='bbox 1026 1428 1122 1460; x_wconf 84' lang='lat' dir='ltr'><strong>verba</strong></span> <span class='ocrx_word' id='word_1_227' title='bbox 1150 1429 1208 1461; x_wconf 86' lang='lat' dir='ltr'><strong>ista</strong></span> <span class='ocrx_word' id='word_1_228' title='bbox 1239 1426 1311 1461; x_wconf 82' lang='grc' dir='ltr'><em>εἶπε</em></span> <span class='ocrx_word' id='word_1_229' title='bbox 1338 1427 1384 1462; x_wconf 81' lang='grc' dir='ltr'><em>τα</em></span> <span class='ocrx_word' id='word_1_230' title='bbox 1411 1426 1482 1461; x_wconf 84' lang='grc' dir='ltr'><em>εἶπε</em></span> <span class='ocrx_word' id='word_1_231' title='bbox 1506 1427 1639 1470; x_wconf 74' lang='grc' dir='ltr'><em>Λοξίης</em></span> <span class='ocrx_word' id='word_1_232' title='bbox 1663 1428 1723 1460; x_wconf 88' lang='lat' dir='ltr'><strong>hoc</strong></span> <span class='ocrx_word' id='word_1_233' title='bbox 1748 1439 1811 1471; x_wconf 92' lang='lat' dir='ltr'><strong>quo</strong></span> <span class='ocrx_word' id='word_1_234' title='bbox 1836 1438 1918 1462; x_wconf 86' lang='lat' dir='ltr'><strong>nunc</strong></span> 
     </span>
     <span class='ocr_line' id='line_1_19' title="bbox 253 1491 1917 1534; baseline -0.001 -9"><span class='ocrx_word' id='word_1_235' title='bbox 253 1494 353 1534; x_wconf 87' lang='lat' dir='ltr'><strong>posita</strong></span> <span class='ocrx_word' id='word_1_236' title='bbox 377 1497 448 1525; x_wconf 91' lang='lat' dir='ltr'><strong>sunt</strong></span> <span class='ocrx_word' id='word_1_237' title='bbox 471 1492 580 1524; x_wconf 85' lang='lat' dir='ltr'><strong>ordine</strong></span> <span class='ocrx_word' id='word_1_238' title='bbox 604 1493 766 1531; x_wconf 89' lang='lat' dir='ltr'><strong>collocata,</strong></span> <span class='ocrx_word' id='word_1_239' title='bbox 790 1493 871 1523; x_wconf 90' lang='lat' dir='ltr'><strong>inter</strong></span> <span class='ocrx_word' id='word_1_240' title='bbox 892 1502 928 1524; x_wconf 90' lang='lat' dir='ltr'><strong>se</strong></span> <span class='ocrx_word' id='word_1_241' title='bbox 952 1496 1038 1523; x_wconf 90' lang='lat' dir='ltr'><strong>recte</strong></span> <span class='ocrx_word' id='word_1_242' title='bbox 1062 1492 1209 1533; x_wconf 86' lang='lat' dir='ltr'><strong>conjungi</strong></span> <span class='ocrx_word' id='word_1_243' title='bbox 1233 1496 1365 1533; x_wconf 83' lang='lat' dir='ltr'><strong>possunt</strong></span> <span class='ocrx_word' id='word_1_244' title='bbox 1389 1491 1501 1534; x_wconf 60' lang='lat' dir='ltr'><strong>(sico,</strong></span> <span class='ocrx_word' id='word_1_245' title='bbox 1527 1502 1620 1532; x_wconf 91' lang='lat' dir='ltr'><strong>quum</strong></span> <span class='ocrx_word' id='word_1_246' title='bbox 1644 1492 1825 1524; x_wconf 85' lang='lat' dir='ltr'><strong>Herodotus</strong></span> <span class='ocrx_word' id='word_1_247' title='bbox 1850 1494 1917 1533; x_wconf 69' lang='lat' dir='ltr'><strong>ips(-</strong></span> 
     </span>
     <span class='ocr_line' id='line_1_20' title="bbox 253 1551 1918 1597; baseline 0 -10"><span class='ocrx_word' id='word_1_248' title='bbox 253 1556 299 1587; x_wconf 89' lang='lat' dir='ltr'><strong>sic</strong></span> <span class='ocrx_word' id='word_1_249' title='bbox 329 1555 432 1597; x_wconf 88' lang='lat' dir='ltr'><strong>potius</strong></span> <span class='ocrx_word' id='word_1_250' title='bbox 465 1554 542 1587; x_wconf 84' lang='lat' dir='ltr'><strong>haec</strong></span> <span class='ocrx_word' id='word_1_251' title='bbox 570 1554 667 1586; x_wconf 87' lang='lat' dir='ltr'><strong>verba</strong></span> <span class='ocrx_word' id='word_1_252' title='bbox 692 1554 868 1586; x_wconf 86' lang='lat' dir='ltr'><strong>collocasse</strong></span> <span class='ocrx_word' id='word_1_253' title='bbox 897 1553 1082 1596; x_wconf 89' lang='lat' dir='ltr'><strong>judicandus</strong></span> <span class='ocrx_word' id='word_1_254' title='bbox 1113 1557 1200 1586; x_wconf 89' lang='lat' dir='ltr'><strong>esset</strong></span> <span class='ocrx_word' id='word_1_255' title='bbox 1223 1554 1271 1597; x_wconf 79' lang='grc' dir='ltr'><em>τῷ</em></span> <span class='ocrx_word' id='word_1_256' title='bbox 1293 1557 1335 1577; x_wconf 75' lang='grc'><strong>’-</strong></span> <span class='ocrx_word' id='word_1_257' title='bbox 1359 1552 1429 1590; x_wconf 80' lang='grc' dir='ltr'><em>εἶπε</em></span> <span class='ocrx_word' id='word_1_258' title='bbox 1452 1552 1585 1594; x_wconf 75' lang='grc' dir='ltr'><em>Λοξίης</em></span> <span class='ocrx_word' id='word_1_259' title='bbox 1608 1552 1653 1586; x_wconf 83' lang='grc' dir='ltr'><em>τα</em></span> <span class='ocrx_word' id='word_1_260' title='bbox 1675 1551 1748 1587; x_wconf 82' lang='grc' dir='ltr'><em>εἷπε</em></span> <span class='ocrx_word' id='word_1_261' title='bbox 1773 1575 1815 1579; x_wconf 81' lang='lat'><strong>-—</strong></span> <span class='ocrx_word' id='word_1_262' title='bbox 1841 1579 1849 1594; x_wconf 88' lang='lat'><strong>,</strong></span> <span class='ocrx_word' id='word_1_263' title='bbox 1875 1559 1918 1595; x_wconf 91' lang='lat' dir='ltr'><strong>ut,</strong></span> 
     </span>
     <span class='ocr_line' id='line_1_21' title="bbox 252 1615 1917 1662; baseline 0 -12"><span class='ocrx_word' id='word_1_264' title='bbox 252 1620 279 1650; x_wconf 89' lang='lat' dir='ltr'><strong>si</strong></span> <span class='ocrx_word' id='word_1_265' title='bbox 311 1619 432 1662; x_wconf 88' lang='lat' dir='ltr'><strong>vulgari</strong></span> <span class='ocrx_word' id='word_1_266' title='bbox 461 1627 570 1650; x_wconf 87' lang='lat' dir='ltr'><strong>eorum</strong></span> <span class='ocrx_word' id='word_1_267' title='bbox 599 1618 766 1650; x_wconf 86' lang='lat' dir='ltr'><strong>verborum</strong></span> <span class='ocrx_word' id='word_1_268' title='bbox 796 1618 999 1649; x_wconf 85' lang='lat' dir='ltr'><strong>collocatione</strong></span> <span class='ocrx_word' id='word_1_269' title='bbox 1031 1615 1103 1650; x_wconf 74' lang='grc' dir='ltr'><em>εἶπε</em></span> <span class='ocrx_word' id='word_1_270' title='bbox 1132 1616 1176 1650; x_wconf 81' lang='grc' dir='ltr'><em>τὰ</em></span> <span class='ocrx_word' id='word_1_271' title='bbox 1198 1616 1270 1651; x_wconf 83' lang='grc' dir='ltr'><em>εἶπε</em></span> <span class='ocrx_word' id='word_1_272' title='bbox 1303 1618 1349 1650; x_wconf 90' lang='grc' dir='ltr'><strong>Λ.</strong></span> <span class='ocrx_word' id='word_1_273' title='bbox 1382 1621 1554 1657; x_wconf 85' lang='lat' dir='ltr'><strong>uteremur,</strong></span> <span class='ocrx_word' id='word_1_274' title='bbox 1587 1618 1770 1650; x_wconf 87' lang='lat' dir='ltr'><strong>necessario</strong></span> <span class='ocrx_word' id='word_1_275' title='bbox 1802 1619 1917 1659; x_wconf 85' lang='lat' dir='ltr'><strong>prioris</strong></span> 
     </span>
     <span class='ocr_line' id='line_1_22' title="bbox 253 1677 1917 1723; baseline 0.001 -11"><span class='ocrx_word' id='word_1_276' title='bbox 253 1681 339 1713; x_wconf 86' lang='lat' dir='ltr'><strong>verbi</strong></span> <span class='ocrx_word' id='word_1_277' title='bbox 363 1679 434 1714; x_wconf 85' lang='grc' dir='ltr'><em>εἶπε</em></span> <span class='ocrx_word' id='word_1_278' title='bbox 460 1680 540 1713; x_wconf 91' lang='lat' dir='ltr'><strong>aliud</strong></span> <span class='ocrx_word' id='word_1_279' title='bbox 564 1680 739 1723; x_wconf 87' lang='lat' dir='ltr'><strong>subjectum</strong></span> <span class='ocrx_word' id='word_1_280' title='bbox 763 1689 837 1713; x_wconf 90' lang='lat' dir='ltr'><strong>esse</strong></span> <span class='ocrx_word' id='word_1_281' title='bbox 861 1680 950 1712; x_wconf 89' lang='lat' dir='ltr'><strong>nobis</strong></span> <span class='ocrx_word' id='word_1_282' title='bbox 975 1679 1167 1713; x_wconf 85' lang='lat' dir='ltr'><strong>statuendum</strong></span> <span class='ocrx_word' id='word_1_283' title='bbox 1192 1683 1288 1721; x_wconf 83' lang='lat' dir='ltr'><strong>esset,</strong></span> <span class='ocrx_word' id='word_1_284' title='bbox 1315 1690 1404 1722; x_wconf 88' lang='lat' dir='ltr'><strong>quam</strong></span> <span class='ocrx_word' id='word_1_285' title='bbox 1428 1689 1542 1712; x_wconf 88' lang='lat' dir='ltr'><strong>nomen</strong></span> <span class='ocrx_word' id='word_1_286' title='bbox 1565 1677 1699 1720; x_wconf 78' lang='grc' dir='ltr'><em>Λοξίης</em></span> <span class='ocrx_word' id='word_1_287' title='bbox 1723 1679 1761 1712; x_wconf 87' lang='lat' dir='ltr'><strong>ad</strong></span> <span class='ocrx_word' id='word_1_288' title='bbox 1786 1680 1917 1714; x_wconf 79' lang='lat' dir='ltr'><strong>alterum</strong></span> 
     </span>
     <span class='ocr_line' id='line_1_23' title="bbox 255 1741 1917 1787; baseline 0 -11"><span class='ocrx_word' id='word_1_289' title='bbox 255 1743 328 1777; x_wconf 84' lang='grc' dir='ltr'><em>εἶπε</em></span> <span class='ocrx_word' id='word_1_290' title='bbox 352 1745 520 1786; x_wconf 85' lang='lat' dir='ltr'><strong>pertinens.</strong></span> <span class='ocrx_word' id='word_1_291' title='bbox 556 1744 647 1781; x_wconf 85' lang='lat' dir='ltr'><strong>Quod</strong></span> <span class='ocrx_word' id='word_1_292' title='bbox 672 1754 764 1785; x_wconf 90' lang='lat' dir='ltr'><strong>quum</strong></span> <span class='ocrx_word' id='word_1_293' title='bbox 787 1744 827 1775; x_wconf 89' lang='lat' dir='ltr'><strong>ita</strong></span> <span class='ocrx_word' id='word_1_294' title='bbox 851 1744 900 1783; x_wconf 88' lang='lat' dir='ltr'><strong>sit,</strong></span> <span class='ocrx_word' id='word_1_295' title='bbox 928 1743 1068 1785; x_wconf 88' lang='lat' dir='ltr'><strong>equidem</strong></span> <span class='ocrx_word' id='word_1_296' title='bbox 1092 1753 1153 1775; x_wconf 92' lang='lat' dir='ltr'><strong>non</strong></span> <span class='ocrx_word' id='word_1_297' title='bbox 1175 1744 1261 1785; x_wconf 92' lang='lat' dir='ltr'><strong>prius</strong></span> <span class='ocrx_word' id='word_1_298' title='bbox 1285 1743 1358 1774; x_wconf 89' lang='lat' dir='ltr'><strong>illud</strong></span> <span class='ocrx_word' id='word_1_299' title='bbox 1381 1741 1451 1775; x_wconf 79' lang='grc' dir='ltr'><em>εἶπε</em></span> <span class='ocrx_word' id='word_1_300' title='bbox 1475 1753 1544 1775; x_wconf 85' lang='lat' dir='ltr'><strong>cuin</strong></span> <span class='ocrx_word' id='word_1_301' title='bbox 1567 1743 1673 1774; x_wconf 85' lang='lat' dir='ltr'><strong>Valck.</strong></span> <span class='ocrx_word' id='word_1_302' title='bbox 1698 1744 1830 1785; x_wconf 89' lang='lat' dir='ltr'><strong>aliisque</strong></span> <span class='ocrx_word' id='word_1_303' title='bbox 1854 1746 1917 1787; x_wconf 86' lang='lat' dir='ltr'><strong>eji-</strong></span> 
     </span>
     <span class='ocr_line' id='line_1_24' title="bbox 253 1805 1916 1849; baseline 0.001 -10"><span class='ocrx_word' id='word_1_304' title='bbox 253 1808 349 1848; x_wconf 75' lang='lat' dir='ltr'><strong>ciam,</strong></span> <span class='ocrx_word' id='word_1_305' title='bbox 383 1818 476 1849; x_wconf 90' lang='lat' dir='ltr'><strong>quum</strong></span> <span class='ocrx_word' id='word_1_306' title='bbox 500 1807 573 1840; x_wconf 90' lang='lat' dir='ltr'><strong>illud</strong></span> <span class='ocrx_word' id='word_1_307' title='bbox 596 1805 681 1847; x_wconf 79' lang='grc' dir='ltr'><em>εἶπε,</em></span> <span class='ocrx_word' id='word_1_308' title='bbox 711 1810 927 1849; x_wconf 83' lang='lat' dir='ltr'><strong>praeterquam</strong></span> <span class='ocrx_word' id='word_1_309' title='bbox 951 1806 1034 1849; x_wconf 92' lang='lat' dir='ltr'><strong>quod</strong></span> <span class='ocrx_word' id='word_1_310' title='bbox 1058 1807 1198 1839; x_wconf 91' lang='lat' dir='ltr'><strong>omnibus</strong></span> <span class='ocrx_word' id='word_1_311' title='bbox 1223 1807 1253 1838; x_wconf 93' lang='lat' dir='ltr'><strong>in</strong></span> <span class='ocrx_word' id='word_1_312' title='bbox 1277 1806 1361 1839; x_wconf 91' lang='lat' dir='ltr'><strong>libris</strong></span> <span class='ocrx_word' id='word_1_313' title='bbox 1386 1806 1460 1839; x_wconf 89' lang='lat' dir='ltr'><strong>Mss.</strong></span> <span class='ocrx_word' id='word_1_314' title='bbox 1484 1810 1638 1839; x_wconf 84' lang='lat' dir='ltr'><strong>retentum</strong></span> <span class='ocrx_word' id='word_1_315' title='bbox 1664 1811 1728 1847; x_wconf 89' lang='lat' dir='ltr'><strong>est,</strong></span> <span class='ocrx_word' id='word_1_316' title='bbox 1761 1808 1853 1840; x_wconf 89' lang='lat' dir='ltr'><strong>etiam</strong></span> <span class='ocrx_word' id='word_1_317' title='bbox 1879 1809 1916 1841; x_wconf 87' lang='lat' dir='ltr'><strong>ad</strong></span> 
     </span>
     <span class='ocr_line' id='line_1_25' title="bbox 251 1869 1915 1913; baseline 0.001 -11"><span class='ocrx_word' id='word_1_318' title='bbox 251 1872 346 1903; x_wconf 88' lang='lat' dir='ltr'><strong>totius</strong></span> <span class='ocrx_word' id='word_1_319' title='bbox 380 1870 507 1913; x_wconf 73' lang='lat' dir='ltr'><strong>Pythiae</strong></span> <span class='ocrx_word' id='word_1_320' title='bbox 539 1871 685 1912; x_wconf 82' lang='lat' dir='ltr'><strong>responsi</strong></span> <span class='ocrx_word' id='word_1_321' title='bbox 718 1880 844 1902; x_wconf 91' lang='lat' dir='ltr'><strong>sensum</strong></span> <span class='ocrx_word' id='word_1_322' title='bbox 875 1869 964 1902; x_wconf 91' lang='lat' dir='ltr'><strong>valde</strong></span> <span class='ocrx_word' id='word_1_323' title='bbox 996 1870 1036 1901; x_wconf 93' lang='lat' dir='ltr'><strong>sit</strong></span> <span class='ocrx_word' id='word_1_324' title='bbox 1066 1870 1277 1901; x_wconf 84' lang='lat' dir='ltr'><strong>necessarium</strong></span> <span class='ocrx_word' id='word_1_325' title='bbox 1308 1872 1339 1901; x_wconf 82' lang='lat' dir='ltr'><strong>et</strong></span> <span class='ocrx_word' id='word_1_326' title='bbox 1368 1879 1438 1901; x_wconf 81' lang='lat' dir='ltr'><strong>cuin</strong></span> <span class='ocrx_word' id='word_1_327' title='bbox 1461 1869 1669 1912; x_wconf 76' lang='grc' dir='ltr'><em>προηγόρευε</em></span> <span class='ocrx_word' id='word_1_328' title='bbox 1692 1870 1795 1911; x_wconf 86' lang='lat' dir='ltr'><strong>paullo</strong></span> <span class='ocrx_word' id='word_1_329' title='bbox 1821 1880 1915 1912; x_wconf 86' lang='lat' dir='ltr'><strong>supra</strong></span> 
     </span>
     <span class='ocr_line' id='line_1_26' title="bbox 252 1931 1915 1977; baseline 0 -11"><span class='ocrx_word' id='word_1_330' title='bbox 252 1935 355 1976; x_wconf 87' lang='lat' dir='ltr'><strong>posito</strong></span> <span class='ocrx_word' id='word_1_331' title='bbox 380 1933 639 1976; x_wconf 85' lang='lat' dir='ltr'><strong>aequiparandum</strong></span> <span class='ocrx_word' id='word_1_332' title='bbox 665 1932 788 1977; x_wconf 82' lang='lat' dir='ltr'><strong>(sic!);</strong></span> <span class='ocrx_word' id='word_1_333' title='bbox 812 1933 869 1966; x_wconf 91' lang='lat' dir='ltr'><strong>sed</strong></span> <span class='ocrx_word' id='word_1_334' title='bbox 892 1934 1052 1975; x_wconf 89' lang='lat' dir='ltr'><strong>sequentia</strong></span> <span class='ocrx_word' id='word_1_335' title='bbox 1075 1933 1169 1965; x_wconf 86' lang='lat' dir='ltr'><strong>verba</strong></span> <span class='ocrx_word' id='word_1_336' title='bbox 1192 1931 1237 1966; x_wconf 74' lang='grc' dir='ltr'><em>τὰ</em></span> <span class='ocrx_word' id='word_1_337' title='bbox 1260 1931 1345 1973; x_wconf 84' lang='grc' dir='ltr'><em>εἶπε,</em></span> <span class='ocrx_word' id='word_1_338' title='bbox 1370 1943 1387 1964; x_wconf 92' lang='lat' dir='ltr'><strong>a</strong></span> <span class='ocrx_word' id='word_1_339' title='bbox 1412 1933 1613 1975; x_wconf 85' lang='lat' dir='ltr'><strong>grammatico</strong></span> <span class='ocrx_word' id='word_1_340' title='bbox 1639 1933 1773 1974; x_wconf 90' lang='lat' dir='ltr'><strong>quodam</strong></span> <span class='ocrx_word' id='word_1_341' title='bbox 1798 1934 1849 1965; x_wconf 86' lang='lat' dir='ltr'><strong>vel</strong></span> <span class='ocrx_word' id='word_1_342' title='bbox 1873 1935 1915 1966; x_wconf 93' lang='lat' dir='ltr'><strong>li-</strong></span> 
     </span>
     <span class='ocr_line' id='line_1_27' title="bbox 250 1993 1915 2040; baseline 0.001 -10"><span class='ocrx_word' id='word_1_343' title='bbox 250 1998 369 2038; x_wconf 86' lang='lat' dir='ltr'><strong>brario,</strong></span> <span class='ocrx_word' id='word_1_344' title='bbox 403 2001 436 2029; x_wconf 88' lang='lat' dir='ltr'><strong>ut</strong></span> <span class='ocrx_word' id='word_1_345' title='bbox 458 1997 587 2029; x_wconf 86' lang='lat' dir='ltr'><strong>haberet</strong></span> <span class='ocrx_word' id='word_1_346' title='bbox 606 2006 667 2038; x_wconf 92' lang='lat' dir='ltr'><strong>quo</strong></span> <span class='ocrx_word' id='word_1_347' title='bbox 692 1996 794 2029; x_wconf 87' lang='grc' dir='ltr'><em>τοῦτο</em></span> <span class='ocrx_word' id='word_1_348' title='bbox 825 1996 973 2037; x_wconf 79' lang='lat' dir='ltr'><strong>referret,</strong></span> <span class='ocrx_word' id='word_1_349' title='bbox 1007 1996 1152 2029; x_wconf 87' lang='lat' dir='ltr'><strong>adsumta.</strong></span> <span class='ocrx_word' id='word_1_350' title='bbox 1197 1995 1274 2027; x_wconf 89' lang='lat' dir='ltr'><strong>Nam</strong></span> <span class='ocrx_word' id='word_1_351' title='bbox 1298 1996 1384 2038; x_wconf 90' lang='lat' dir='ltr'><strong>prius</strong></span> <span class='ocrx_word' id='word_1_352' title='bbox 1416 1995 1490 2028; x_wconf 93' lang='lat' dir='ltr'><strong>illud</strong></span> <span class='ocrx_word' id='word_1_353' title='bbox 1517 1993 1603 2035; x_wconf 76' lang='grc' dir='ltr'><em>εἷπε,</em></span> <span class='ocrx_word' id='word_1_354' title='bbox 1637 2000 1670 2027; x_wconf 93' lang='lat' dir='ltr'><strong>ut</strong></span> <span class='ocrx_word' id='word_1_355' title='bbox 1692 1997 1915 2040; x_wconf 77' lang='grc' dir='ltr'><em>προηγόρευε,</em></span> 
     </span>
     <span class='ocr_line' id='line_1_28' title="bbox 250 2058 1916 2101; baseline 0 -9"><span class='ocrx_word' id='word_1_356' title='bbox 250 2071 319 2093; x_wconf 86' lang='lat' dir='ltr'><strong>cum</strong></span> <span class='ocrx_word' id='word_1_357' title='bbox 349 2061 459 2093; x_wconf 83' lang='lat' dir='ltr'><strong>altiore</strong></span> <span class='ocrx_word' id='word_1_358' title='bbox 488 2059 621 2101; x_wconf 85' lang='lat' dir='ltr'><strong>quodam</strong></span> <span class='ocrx_word' id='word_1_359' title='bbox 651 2060 739 2091; x_wconf 90' lang='lat' dir='ltr'><strong>vocis</strong></span> <span class='ocrx_word' id='word_1_360' title='bbox 764 2068 844 2091; x_wconf 92' lang='lat' dir='ltr'><strong>sono</strong></span> <span class='ocrx_word' id='word_1_361' title='bbox 869 2059 1059 2091; x_wconf 76' lang='lat' dir='ltr'><strong>efferendum</strong></span> <span class='ocrx_word' id='word_1_362' title='bbox 1090 2062 1150 2097; x_wconf 89' lang='lat' dir='ltr'><strong>est,</strong></span> <span class='ocrx_word' id='word_1_363' title='bbox 1184 2068 1279 2099; x_wconf 91' lang='lat' dir='ltr'><strong>quum</strong></span> <span class='ocrx_word' id='word_1_364' title='bbox 1302 2059 1378 2099; x_wconf 90' lang='lat' dir='ltr'><strong>ipsis</strong></span> <span class='ocrx_word' id='word_1_365' title='bbox 1404 2058 1472 2089; x_wconf 92' lang='lat' dir='ltr'><strong>istis</strong></span> <span class='ocrx_word' id='word_1_366' title='bbox 1496 2059 1601 2090; x_wconf 88' lang='lat' dir='ltr'><strong>verbis</strong></span> <span class='ocrx_word' id='word_1_367' title='bbox 1625 2059 1795 2100; x_wconf 88' lang='lat' dir='ltr'><strong>praecipua</strong></span> <span class='ocrx_word' id='word_1_368' title='bbox 1819 2070 1916 2092; x_wconf 85' lang='lat' dir='ltr'><strong>causa</strong></span> 
     </span>
     <span class='ocr_line' id='line_1_29' title="bbox 250 2121 1916 2168; baseline 0 -12"><span class='ocrx_word' id='word_1_369' title='bbox 250 2124 458 2168; x_wconf 84' lang='lat' dir='ltr'><strong>significetur,</strong></span> <span class='ocrx_word' id='word_1_370' title='bbox 491 2133 547 2156; x_wconf 82' lang='lat' dir='ltr'><strong>cui·</strong></span> <span class='ocrx_word' id='word_1_371' title='bbox 576 2132 638 2155; x_wconf 92' lang='lat' dir='ltr'><strong>non</strong></span> <span class='ocrx_word' id='word_1_372' title='bbox 668 2122 785 2155; x_wconf 88' lang='lat' dir='ltr'><strong>Loxias</strong></span> <span class='ocrx_word' id='word_1_373' title='bbox 813 2121 870 2156; x_wconf 91' lang='lat' dir='ltr'><strong>sed</strong></span> <span class='ocrx_word' id='word_1_374' title='bbox 894 2122 1031 2155; x_wconf 91' lang='lat' dir='ltr'><strong>Croesus</strong></span> <span class='ocrx_word' id='word_1_375' title='bbox 1055 2122 1123 2164; x_wconf 92' lang='lat' dir='ltr'><strong>ipse</strong></span> <span class='ocrx_word' id='word_1_376' title='bbox 1146 2122 1176 2153; x_wconf 89' lang='lat' dir='ltr'><strong>in</strong></span> <span class='ocrx_word' id='word_1_377' title='bbox 1200 2121 1290 2164; x_wconf 90' lang='lat' dir='ltr'><strong>culpa</strong></span> <span class='ocrx_word' id='word_1_378' title='bbox 1314 2122 1353 2155; x_wconf 90' lang='lat' dir='ltr'><strong>sit</strong></span> <span class='ocrx_word' id='word_1_379' title='bbox 1361 2133 1370 2161; x_wconf 93' lang='lat'>;</span> <span class='ocrx_word' id='word_1_380' title='bbox 1402 2122 1453 2154; x_wconf 90' lang='lat' dir='ltr'><strong>ille</strong></span> <span class='ocrx_word' id='word_1_381' title='bbox 1477 2122 1558 2154; x_wconf 89' lang='lat' dir='ltr'><strong>enim</strong></span> <span class='ocrx_word' id='word_1_382' title='bbox 1581 2131 1644 2155; x_wconf 91' lang='lat' dir='ltr'><strong>non</strong></span> <span class='ocrx_word' id='word_1_383' title='bbox 1669 2122 1810 2155; x_wconf 86' lang='lat' dir='ltr'><strong>deseruit</strong></span> <span class='ocrx_word' id='word_1_384' title='bbox 1833 2134 1916 2164; x_wconf 88' lang='lat' dir='ltr'><strong>eum,</strong></span> 
     </span>
     <span class='ocr_line' id='line_1_30' title="bbox 249 2183 1915 2227; baseline -0.002 -7"><span class='ocrx_word' id='word_1_385' title='bbox 249 2188 307 2220; x_wconf 91' lang='lat' dir='ltr'><strong>sed</strong></span> <span class='ocrx_word' id='word_1_386' title='bbox 332 2189 415 2219; x_wconf 67' lang='lat' dir='ltr'><strong>discit</strong></span> <span class='ocrx_word' id='word_1_387' title='bbox 439 2188 485 2226; x_wconf 91' lang='lat' dir='ltr'><strong>ei,</strong></span> <span class='ocrx_word' id='word_1_388' title='bbox 510 2186 582 2227; x_wconf 90' lang='lat' dir='ltr'><strong>quid</strong></span> <span class='ocrx_word' id='word_1_389' title='bbox 607 2189 788 2217; x_wconf 90' lang='lat' dir='ltr'><strong>eventurum</strong></span> <span class='ocrx_word' id='word_1_390' title='bbox 812 2186 860 2217; x_wconf 88' lang='lat' dir='ltr'><strong>sit.</strong></span> <span class='ocrx_word' id='word_1_391' title='bbox 890 2186 958 2217; x_wconf 89' lang='lat' dir='ltr'><strong>Huc</strong></span> <span class='ocrx_word' id='word_1_392' title='bbox 980 2184 1098 2217; x_wconf 87' lang='lat' dir='ltr'><strong>accedit</strong></span> <span class='ocrx_word' id='word_1_393' title='bbox 1122 2184 1205 2225; x_wconf 87' lang='lat' dir='ltr'><strong>quod</strong></span> <span class='ocrx_word' id='word_1_394' title='bbox 1229 2185 1295 2225; x_wconf 85' lang='lat' dir='ltr'><strong>ipsa</strong></span> <span class='ocrx_word' id='word_1_395' title='bbox 1318 2184 1415 2216; x_wconf 87' lang='lat' dir='ltr'><strong>verba</strong></span> <span class='ocrx_word' id='word_1_396' title='bbox 1438 2183 1483 2216; x_wconf 80' lang='grc' dir='ltr'><em>τὰ</em></span> <span class='ocrx_word' id='word_1_397' title='bbox 1507 2183 1579 2216; x_wconf 81' lang='grc' dir='ltr'><em>εἶπε</em></span> <span class='ocrx_word' id='word_1_398' title='bbox 1602 2194 1619 2215; x_wconf 91' lang='lat' dir='ltr'><strong>a</strong></span> <span class='ocrx_word' id='word_1_399' title='bbox 1644 2185 1807 2217; x_wconf 89' lang='lat' dir='ltr'><strong>codicibus</strong></span> <span class='ocrx_word' id='word_1_400' title='bbox 1833 2187 1863 2218; x_wconf 91' lang='lat' dir='ltr'><strong>S.</strong></span> <span class='ocrx_word' id='word_1_401' title='bbox 1880 2187 1915 2217; x_wconf 83' lang='lat' dir='ltr'><strong>V.</strong></span> 
     </span>
     <span class='ocr_line' id='line_1_31' title="bbox 249 2247 1916 2289; baseline -0.001 -6"><span class='ocrx_word' id='word_1_402' title='bbox 249 2255 280 2283; x_wconf 84' lang='lat' dir='ltr'><strong>et</strong></span> <span class='ocrx_word' id='word_1_403' title='bbox 304 2251 452 2283; x_wconf 90' lang='lat' dir='ltr'><strong>versione</strong></span> <span class='ocrx_word' id='word_1_404' title='bbox 475 2249 565 2282; x_wconf 86' lang='lat' dir='ltr'><strong>Laur.</strong></span> <span class='ocrx_word' id='word_1_405' title='bbox 590 2248 664 2281; x_wconf 86' lang='lat' dir='ltr'><strong>Vall.</strong></span> <span class='ocrx_word' id='word_1_406' title='bbox 689 2248 815 2288; x_wconf 86' lang='lat' dir='ltr'><strong>absunt,</strong></span> <span class='ocrx_word' id='word_1_407' title='bbox 839 2251 872 2280; x_wconf 93' lang='lat' dir='ltr'><strong>ut</strong></span> <span class='ocrx_word' id='word_1_408' title='bbox 894 2247 1000 2280; x_wconf 93' lang='lat' dir='ltr'><strong>similis</strong></span> <span class='ocrx_word' id='word_1_409' title='bbox 1023 2247 1190 2279; x_wconf 83' lang='lat' dir='ltr'><strong>verborum</strong></span> <span class='ocrx_word' id='word_1_410' title='bbox 1214 2251 1370 2280; x_wconf 85' lang='lat' dir='ltr'><strong>structura</strong></span> <span class='ocrx_word' id='word_1_411' title='bbox 1393 2247 1512 2287; x_wconf 84' lang='lat' dir='ltr'><strong>evadat,</strong></span> <span class='ocrx_word' id='word_1_412' title='bbox 1537 2251 1630 2289; x_wconf 85' lang='lat' dir='ltr'><strong>atque</strong></span> <span class='ocrx_word' id='word_1_413' title='bbox 1655 2252 1704 2280; x_wconf 89' lang='lat' dir='ltr'><strong>cst</strong></span> <span class='ocrx_word' id='word_1_414' title='bbox 1727 2248 1761 2280; x_wconf 91' lang='lat' dir='ltr'><strong>ll.</strong></span> <span class='ocrx_word' id='word_1_415' title='bbox 1785 2249 1832 2281; x_wconf 84' lang='lat'><strong>40</strong></span> <span class='ocrx_word' id='word_1_416' title='bbox 1855 2249 1916 2289; x_wconf 76' lang='grc' dir='ltr'><strong>την</strong></span> 
     </span>
     <span class='ocr_line' id='line_1_32' title="bbox 247 2307 1916 2355; baseline 0 -11"><span class='ocrx_word' id='word_1_417' title='bbox 247 2313 276 2344; x_wconf 84' lang='grc' dir='ltr'><strong>δ’</strong></span> <span class='ocrx_word' id='word_1_418' title='bbox 300 2307 350 2346; x_wconf 83' lang='grc' dir='ltr'><em>ὦν</em></span> <span class='ocrx_word' id='word_1_419' title='bbox 372 2313 533 2355; x_wconf 79' lang='grc' dir='ltr'><em>μεγίστην</em></span> <span class='ocrx_word' id='word_1_420' title='bbox 556 2323 592 2344; x_wconf 87' lang='grc' dir='ltr'><strong>τε</strong></span> <span class='ocrx_word' id='word_1_421' title='bbox 615 2310 761 2353; x_wconf 83' lang='grc' dir='ltr'><em>δαίμονα</em></span> <span class='ocrx_word' id='word_1_422' title='bbox 785 2308 928 2352; x_wconf 69' lang='grc' dir='ltr'><em>ἥγηνται</em></span> <span class='ocrx_word' id='word_1_423' title='bbox 950 2308 1040 2342; x_wconf 84' lang='grc' dir='ltr'><em>εἶναι</em></span> <span class='ocrx_word' id='word_1_424' title='bbox 1061 2311 1120 2342; x_wconf 85' lang='grc' dir='ltr'><strong>καὶ</strong></span> <span class='ocrx_word' id='word_1_425' title='bbox 1134 2310 1295 2352; x_wconf 73' lang='grc' dir='ltr'><em>μεγίστην</em></span> <span class='ocrx_word' id='word_1_426' title='bbox 1317 2311 1349 2342; x_wconf 87' lang='grc' dir='ltr'><strong>οἱ</strong></span> <span class='ocrx_word' id='word_1_427' title='bbox 1374 2308 1477 2353; x_wconf 86' lang='grc' dir='ltr'><em>ὁρτὴν</em></span> <span class='ocrx_word' id='word_1_428' title='bbox 1505 2309 1687 2352; x_wconf 79' lang='grc' dir='ltr'><em>ἀνάγουσι,</em></span> <span class='ocrx_word' id='word_1_429' title='bbox 1710 2308 1840 2351; x_wconf 84' lang='grc' dir='ltr'><em>ταύτην</em></span> <span class='ocrx_word' id='word_1_430' title='bbox 1864 2314 1916 2353; x_wconf 77' lang='grc' dir='ltr'><strong>ἕρ-</strong></span> 
     </span>
     <span class='ocr_line' id='line_1_33' title="bbox 249 2370 1914 2418; baseline -0.001 -10"><span class='ocrx_word' id='word_1_431' title='bbox 249 2387 358 2418; x_wconf 84' lang='grc' dir='ltr'><em>χομαι</em></span> <span class='ocrx_word' id='word_1_432' title='bbox 378 2379 491 2416; x_wconf 77' lang='grc' dir='ltr'><em>ἐρέων,</em></span> <span class='ocrx_word' id='word_1_433' title='bbox 515 2375 568 2406; x_wconf 83' lang='lat' dir='ltr'><strong>uhi</strong></span> <span class='ocrx_word' id='word_1_434' title='bbox 586 2373 715 2413; x_wconf 82' lang='grc' dir='ltr'><em>ταύτην</em></span> <span class='ocrx_word' id='word_1_435' title='bbox 732 2383 795 2404; x_wconf 91' lang='lat' dir='ltr'><strong>non</strong></span> <span class='ocrx_word' id='word_1_436' title='bbox 819 2372 858 2404; x_wconf 87' lang='lat' dir='ltr'><strong>ad</strong></span> <span class='ocrx_word' id='word_1_437' title='bbox 874 2371 1023 2415; x_wconf 81' lang='grc' dir='ltr'><em>δαίμονα</em></span> <span class='ocrx_word' id='word_1_438' title='bbox 1043 2372 1241 2405; x_wconf 78' lang='lat' dir='ltr'><strong>referendum</strong></span> <span class='ocrx_word' id='word_1_439' title='bbox 1266 2383 1340 2405; x_wconf 90' lang='lat' dir='ltr'><strong>esse</strong></span> <span class='ocrx_word' id='word_1_440' title='bbox 1358 2373 1414 2405; x_wconf 91' lang='lat' dir='ltr'><strong>sed</strong></span> <span class='ocrx_word' id='word_1_441' title='bbox 1438 2372 1474 2404; x_wconf 83' lang='lat' dir='ltr'><strong>ad</strong></span> <span class='ocrx_word' id='word_1_442' title='bbox 1496 2370 1601 2414; x_wconf 83' lang='grc' dir='ltr'><em>ὁρτὴν</em></span> <span class='ocrx_word' id='word_1_443' title='bbox 1617 2377 1701 2415; x_wconf 87' lang='lat' dir='ltr'><strong>patet</strong></span> <span class='ocrx_word' id='word_1_444' title='bbox 1725 2373 1786 2417; x_wconf 80' lang='lat' dir='ltr'><strong>(cf.</strong></span> <span class='ocrx_word' id='word_1_445' title='bbox 1812 2375 1914 2406; x_wconf 87' lang='lat' dir='ltr'><strong>Struv.</strong></span> 
     </span>
     <span class='ocr_line' id='line_1_34' title="bbox 249 2435 1915 2482; baseline 0 -11"><span class='ocrx_word' id='word_1_446' title='bbox 249 2449 334 2482; x_wconf 92' lang='lat' dir='ltr'><strong>spec.</strong></span> <span class='ocrx_word' id='word_1_447' title='bbox 358 2438 387 2478; x_wconf 90' lang='lat'><strong>1,</strong></span> <span class='ocrx_word' id='word_1_448' title='bbox 412 2448 439 2480; x_wconf 94' lang='lat' dir='ltr'><strong>p.</strong></span> <span class='ocrx_word' id='word_1_449' title='bbox 465 2436 508 2470; x_wconf 80' lang='lat'><strong>28</strong></span> <span class='ocrx_word' id='word_1_450' title='bbox 532 2435 609 2480; x_wconf 73' lang='lat' dir='ltr'><strong>sq).</strong></span> <span class='ocrx_word' id='word_1_451' title='bbox 640 2436 751 2478; x_wconf 89' lang='lat' dir='ltr'><strong>Neque</strong></span> <span class='ocrx_word' id='word_1_452' title='bbox 775 2436 866 2468; x_wconf 87' lang='lat' dir='ltr'><strong>etiam</strong></span> <span class='ocrx_word' id='word_1_453' title='bbox 889 2435 919 2467; x_wconf 95' lang='lat' dir='ltr'><strong>id</strong></span> <span class='ocrx_word' id='word_1_454' title='bbox 942 2445 1127 2478; x_wconf 84' lang='lat' dir='ltr'><strong>quemquam</strong></span> <span class='ocrx_word' id='word_1_455' title='bbox 1149 2439 1259 2468; x_wconf 86' lang='lat' dir='ltr'><strong>nostro</strong></span> <span class='ocrx_word' id='word_1_456' title='bbox 1283 2436 1354 2468; x_wconf 90' lang='lat' dir='ltr'><strong>loco</strong></span> <span class='ocrx_word' id='word_1_457' title='bbox 1380 2435 1533 2476; x_wconf 81' lang='lat' dir='ltr'><strong>offendet,</strong></span> <span class='ocrx_word' id='word_1_458' title='bbox 1559 2436 1643 2478; x_wconf 91' lang='lat' dir='ltr'><strong>quod</strong></span> <span class='ocrx_word' id='word_1_459' title='bbox 1668 2436 1915 2471; x_wconf 87' lang='lat' dir='ltr'><strong>demonstrativo</strong></span> 
     </span>
     <span class='ocr_line' id='line_1_35' title="bbox 248 2499 1916 2544; baseline -0.001 -8"><span class='ocrx_word' id='word_1_460' title='bbox 248 2504 369 2543; x_wconf 83' lang='grc' dir='ltr'><em>τοῦτο,</em></span> <span class='ocrx_word' id='word_1_461' title='bbox 402 2501 488 2544; x_wconf 90' lang='lat' dir='ltr'><strong>quod</strong></span> <span class='ocrx_word' id='word_1_462' title='bbox 520 2501 587 2534; x_wconf 92' lang='lat' dir='ltr'><strong>sola</strong></span> <span class='ocrx_word' id='word_1_463' title='bbox 621 2511 663 2532; x_wconf 84' lang='lat' dir='ltr'><strong>ex</strong></span> <span class='ocrx_word' id='word_1_464' title='bbox 696 2500 893 2543; x_wconf 82' lang='lat' dir='ltr'><strong>grammatica</strong></span> <span class='ocrx_word' id='word_1_465' title='bbox 925 2500 1045 2531; x_wconf 87' lang='lat' dir='ltr'><strong>ratione</strong></span> <span class='ocrx_word' id='word_1_466' title='bbox 1079 2499 1117 2532; x_wconf 88' lang='lat' dir='ltr'><strong>ad</strong></span> <span class='ocrx_word' id='word_1_467' title='bbox 1147 2500 1307 2532; x_wconf 81' lang='lat' dir='ltr'><strong>relativum</strong></span> <span class='ocrx_word' id='word_1_468' title='bbox 1340 2500 1388 2542; x_wconf 75' lang='grc' dir='ltr'><em>τῷ</em></span> <span class='ocrx_word' id='word_1_469' title='bbox 1410 2503 1542 2541; x_wconf 85' lang='lat' dir='ltr'><strong>spectat,</strong></span> <span class='ocrx_word' id='word_1_470' title='bbox 1578 2510 1641 2532; x_wconf 91' lang='lat' dir='ltr'><strong>non</strong></span> <span class='ocrx_word' id='word_1_471' title='bbox 1666 2500 1703 2532; x_wconf 88' lang='lat' dir='ltr'><strong>ad</strong></span> <span class='ocrx_word' id='word_1_472' title='bbox 1728 2502 1916 2534; x_wconf 85' lang='lat' dir='ltr'><strong>vocabulum</strong></span> 
     </span>
     <span class='ocr_line' id='line_1_36' title="bbox 248 2562 1916 2610; baseline -0.001 -10"><span class='ocrx_word' id='word_1_473' title='bbox 248 2566 402 2610; x_wconf 88' lang='lat' dir='ltr'><strong>quoddam</strong></span> <span class='ocrx_word' id='word_1_474' title='bbox 427 2566 510 2598; x_wconf 89' lang='lat' dir='ltr'><strong>clare</strong></span> <span class='ocrx_word' id='word_1_475' title='bbox 534 2574 719 2607; x_wconf 87' lang='lat' dir='ltr'><strong>expressum</strong></span> <span class='ocrx_word' id='word_1_476' title='bbox 743 2564 972 2597; x_wconf 88' lang='lat' dir='ltr'><strong>demonstratur</strong></span> <span class='ocrx_word' id='word_1_477' title='bbox 994 2562 1116 2606; x_wconf 66' lang='grc' dir='ltr'><em>(εἰεί),</em></span> <span class='ocrx_word' id='word_1_478' title='bbox 1148 2563 1205 2596; x_wconf 89' lang='lat' dir='ltr'><strong>sed</strong></span> <span class='ocrx_word' id='word_1_479' title='bbox 1235 2563 1273 2596; x_wconf 92' lang='lat' dir='ltr'><strong>ad</strong></span> <span class='ocrx_word' id='word_1_480' title='bbox 1296 2567 1394 2595; x_wconf 89' lang='lat' dir='ltr'><strong>totum</strong></span> <span class='ocrx_word' id='word_1_481' title='bbox 1417 2564 1613 2596; x_wconf 79' lang='lat' dir='ltr'><strong>enunciamm</strong></span> <span class='ocrx_word' id='word_1_482' title='bbox 1638 2564 1806 2598; x_wconf 89' lang='lat' dir='ltr'><strong>obscurius</strong></span> <span class='ocrx_word' id='word_1_483' title='bbox 1829 2566 1916 2598; x_wconf 92' lang='lat' dir='ltr'><strong>indi-</strong></span> 
     </span>
     <span class='ocr_line' id='line_1_37' title="bbox 248 2627 1918 2669; baseline -0.004 -6"><span class='ocrx_word' id='word_1_484' title='bbox 248 2635 357 2663; x_wconf 87' lang='lat' dir='ltr'><strong>catum.</strong></span> <span class='ocrx_word' id='word_1_485' title='bbox 405 2630 509 2668; x_wconf 88' lang='lat' dir='ltr'><strong>Quare</strong></span> <span class='ocrx_word' id='word_1_486' title='bbox 533 2638 596 2661; x_wconf 91' lang='lat' dir='ltr'><strong>non</strong></span> <span class='ocrx_word' id='word_1_487' title='bbox 619 2629 678 2660; x_wconf 91' lang='lat' dir='ltr'><strong>nisi</strong></span> <span class='ocrx_word' id='word_1_488' title='bbox 702 2628 748 2660; x_wconf 87' lang='lat' dir='ltr'><strong>sic</strong></span> <span class='ocrx_word' id='word_1_489' title='bbox 771 2628 935 2660; x_wconf 87' lang='lat' dir='ltr'><strong>constituta</strong></span> <span class='ocrx_word' id='word_1_490' title='bbox 959 2627 1008 2658; x_wconf 90' lang='lat' dir='ltr'><strong>illa</strong></span> <span class='ocrx_word' id='word_1_491' title='bbox 1031 2627 1128 2658; x_wconf 88' lang='lat' dir='ltr'><strong>verba</strong></span> <span class='ocrx_word' id='word_1_492' title='bbox 1150 2627 1287 2669; x_wconf 85' lang='lat' dir='ltr'><strong>genuina</strong></span> <span class='ocrx_word' id='word_1_493' title='bbox 1310 2636 1384 2658; x_wconf 87' lang='lat' dir='ltr'><strong>esse</strong></span> <span class='ocrx_word' id='word_1_494' title='bbox 1406 2631 1555 2668; x_wconf 88' lang='lat' dir='ltr'><strong>possunt:</strong></span> <span class='ocrx_word' id='word_1_495' title='bbox 1584 2628 1635 2669; x_wconf 79' lang='grc' dir='ltr'><em>τῷ</em></span> <span class='ocrx_word' id='word_1_496' title='bbox 1657 2628 1715 2661; x_wconf 82' lang='grc' dir='ltr'><strong>καὶ</strong></span> <span class='ocrx_word' id='word_1_497' title='bbox 1739 2627 1781 2661; x_wconf 84' lang='grc' dir='ltr'><em>τὸ</em></span> <span class='ocrx_word' id='word_1_498' title='bbox 1805 2629 1918 2663; x_wconf 82' lang='grc' dir='ltr'><em>τελευ-</em></span> 
     </span>
    </p>
   </div>
   <div class='ocr_carea' id='block_1_3' title="bbox 246 2688 1673 2737">
    <p class='ocr_par' dir='ltr' id='par_1_3' title="bbox 246 2688 1673 2737">
     <span class='ocr_line' id='line_1_38' title="bbox 246 2688 1673 2737; baseline -0.001 -12"><span class='ocrx_word' id='word_1_499' title='bbox 246 2696 350 2728; x_wconf 84' lang='grc' dir='ltr'><em>ταῒον</em></span> <span class='ocrx_word' id='word_1_500' title='bbox 373 2692 696 2737; x_wconf 83' lang='grc' dir='ltr'><em>χρηστηριαζομένῳ</em></span> <span class='ocrx_word' id='word_1_501' title='bbox 720 2690 790 2725; x_wconf 81' lang='grc' dir='ltr'><em>εἶπε</em></span> <span class='ocrx_word' id='word_1_502' title='bbox 814 2689 945 2731; x_wconf 82' lang='grc' dir='ltr'><em>Λοξίης</em></span> <span class='ocrx_word' id='word_1_503' title='bbox 967 2690 1038 2732; x_wconf 79' lang='grc' dir='ltr'><em>περὶ</em></span> <span class='ocrx_word' id='word_1_504' title='bbox 1063 2688 1222 2731; x_wconf 75' lang='grc' dir='ltr'><em>ἡμιόνου·</em></span> <span class='ocrx_word' id='word_1_505' title='bbox 1247 2689 1325 2723; x_wconf 74' lang='grc' dir='ltr'><em>οὐδὲ</em></span> <span class='ocrx_word' id='word_1_506' title='bbox 1347 2690 1451 2723; x_wconf 86' lang='grc' dir='ltr'><em>τοῦτο</em></span> <span class='ocrx_word' id='word_1_507' title='bbox 1476 2689 1673 2733; x_wconf 47' lang='lat' dir='ltr'><strong>dunestaple-⁶</strong></span> 
     </span>
    </p>
   </div>
  </div>
 </body>
</html>
