2138 3107
1060 280 1106 317 14

333 404 388 436 His
412 404 507 447 igitur
530 404 704 437 rationibus
728 403 892 445 Έλληνες
922 405 1048 438 tolerari
1072 415 1135 439 non
1158 415 1256 448 posse
1280 405 1521 439 demonstratum
1544 408 1627 448 puto.
1674 403 1715 436 At
1739 403 1823 436 unde
1847 408 1921 438 tan-

243 468 329 508 dem⁷
355 468 467 500 dixerit
492 468 663 511 quispiam,
689 469 842 511 scriptura
868 469 925 502 ista
950 469 1103 513 originem
1127 469 1244 503 traxit?
1272 469 1320 502 Ne
1345 469 1405 503 hoc
1428 469 1551 512 quidem
1575 468 1742 501 obscurum
1768 476 1843 500 esse
1866 468 1920 501 vi-

243 532 341 564 detur.
389 532 467 564 Nam
498 542 592 574 quum
622 533 715 574 paulo
746 543 839 574 supra
865 533 1057 564 Graecorum
1087 534 1201 565 mentio
1229 534 1308 565 facta
1333 537 1435 573 esset,
1464 537 1497 565 ut
1520 543 1589 565 cum
1612 532 1724 574 quibus
1748 531 1865 563 Persae
1888 532 1920 563 in

243 596 369 628 nomine
399 600 507 638 raptae
540 598 769 636 consentirent,
804 596 847 628 do
873 596 1079 629 Phoenicibus
1108 601 1210 629 autem
1234 593 1313 629 'nihil
1343 598 1490 630 continuo
1520 596 1653 636 dicatur,
1688 595 1780 628 tacite
1807 596 1857 628 cui
1887 595 1918 628 in

244 663 379 691 mentem
404 660 515 691 venire
540 661 639 702 potuit
668 660 871 703 pervulgatae
902 659 979 702 apud
1011 660 1151 692 Graecos
1182 660 1320 701 tabidae,
1352 664 1384 693 ut
1413 660 1542 704 margini
1565 659 1736 693 ascriberet
1751 656 1919 699 ’Έλληνες

246 733 302 764 pro
331 722 502 759 Φοίνικες.

464 805 492 844 Ι,
518 804 579 836 92;

356 877 404 914 τά
444 877 475 914 d’
517 880 556 913 έν
598 878 839 931 Βραγχίδῃσι
882 884 982 914 τοῖσι
1028 878 1233 929 Ζηιλησίων
1274 877 1510 930 ἀναθήματα
1547 879 1721 928 Κροίσῳ,
1765 879 1810 924 ὡς
1853 877 1922 923 ἐγώ

356 948 628 998 πυνθάνομαι,
658 949 723 987 ἰ’σα
753 964 794 987 τε
825 952 1009 999 σταθμὸν
1038 950 1100 988 καὶ
1131 955 1245 999 ὁμοῖα
1274 957 1378 988 τοῖσι
1407 953 1446 987 ἐν
1475 951 1668 1002 Δελφοῖσι.

339 1040 406 1071 Etsi
431 1039 594 1071 Bekkerus
625 1044 655 1071 et
678 1038 857 1072 Dindorfius
888 1041 1062 1072 rectissime
1086 1044 1213 1081 τοῖσι,
1247 1040 1330 1083 quod
1353 1040 1497 1073 Reiskius
1522 1041 1716 1082 conjecerat,
1749 1041 1780 1073 in
1803 1045 1919 1073 textum

248 1108 448 1145 receperunt,
473 1107 584 1143 tamen,
611 1114 705 1145 quum
730 1108 761 1135 et
785 1105 965 1145 superiores
991 1104 1129 1136 editores
1155 1114 1264 1136 omnes
1288 1107 1378 1148 τῇσι
1403 1109 1434 1137 ut
1457 1104 1605 1137 librorum
1629 1112 1790 1136 consensu
1812 1104 1921 1136 firma-

249 1171 312 1199 tum
336 1167 521 1199 retinuerint
546 1170 576 1198 et
600 1176 680 1198 nunc
705 1176 831 1208 quoque
855 1167 1049 1208 reperiantur
1072 1167 1124 1209 qui
1149 1177 1217 1199 eam
1241 1168 1422 1210 scripturam
1446 1170 1600 1199 servatam
1622 1167 1727 1207 velint,
1752 1175 1816 1199 non
1840 1167 1922 1199 alie-

248 1239 322 1261 num
347 1230 384 1261 ab
411 1238 449 1261 eo
475 1229 559 1270 quod
583 1230 699 1261 institui
725 1233 814 1270 puto,
849 1239 888 1260 ne
921 1230 969 1261 cui
999 1230 1030 1261 in
1053 1234 1214 1270 posterum
1239 1234 1400 1263 moveatur
1423 1230 1579 1269 dubitatio,
1611 1230 1703 1271 paulo
1727 1230 1856 1262 uberius
1881 1230 1920 1261 de

250 1293 307 1325 hac
332 1302 367 1325 re
392 1292 560 1324 disserere.

340 1355 581 1388 Branchidarum
606 1355 738 1395 nomini,
764 1359 898 1397 excepto
922 1355 980 1387 hoc
1004 1355 1087 1396 loco,
1112 1356 1159 1388 bis
1184 1356 1323 1399 adjectus
1346 1356 1498 1399 reperitur
1521 1355 1684 1397 articulus:
1709 1355 1731 1396 1,
1758 1355 1822 1388 158
1845 1364 1920 1388 om-

250 1428 308 1450 ncs
333 1419 461 1450 codices
486 1419 516 1449 in
540 1421 575 1455 ἐς
599 1417 696 1455 τοὺς
721 1417 929 1460 Βραγχίδας
953 1420 1158 1458 consentiunt,
1183 1423 1213 1450 et
1236 1419 1271 1459 ΙΙ,
1297 1419 1359 1450 159
1383 1428 1462 1451 unus
1486 1418 1514 1451 S.
1538 1419 1631 1451 habet
1653 1422 1688 1456 ἐς
1710 1417 1920 1461 Βραγχίδας

249 1481 347 1518 τοὺς
378 1482 577 1521 Μιλησίων,
610 1481 721 1522 reliqui
751 1490 861 1512 omnes
891 1480 964 1518 τοὶς
992 1482 1183 1521 Μιλησίων.
1231 1482 1300 1514 Duo
1328 1483 1421 1525 igitur
1449 1482 1509 1514 loci
1537 1491 1595 1525 pro
1627 1482 1775 1514 feminino
1799 1492 1921 1526 genere

250 1556 391 1587 pugnare
424 1545 584 1584 videntur,
619 1555 699 1576 unus
730 1546 811 1577 haud
844 1544 936 1576 dubie
966 1548 1024 1576 stat
1056 1555 1072 1576 a
1106 1545 1286 1577 masculino.
1333 1546 1399 1577 Jam
1427 1546 1535 1578 mirum
1558 1545 1656 1586 foret,
1689 1547 1716 1577 si
1739 1546 1919 1578 Herodotus

250 1619 342 1641 unam
367 1608 561 1650 eandemque
585 1617 697 1640 vocem
722 1607 816 1640 modo
841 1607 900 1639 hoc
924 1607 1014 1640 modo
1039 1607 1091 1640 illo
1116 1618 1236 1651 genere
1260 1619 1409 1651 usurpare
1433 1609 1599 1650 voluisset,
1624 1613 1735 1651 estque
1759 1608 1833 1642 illud
1856 1619 1920 1652 po-

249 1672 311 1705 tius
336 1670 549 1710 statuendum,
581 1680 652 1702 eum
683 1670 713 1701 in
740 1669 865 1701 nomine
896 1670 1050 1702 hominum
1080 1680 1227 1703 sermone
1252 1672 1493 1705 celebratissimo
1522 1682 1539 1705 a
1564 1672 1719 1705 communi
1743 1676 1919 1705 consuetu-

250 1736 322 1768 dine
350 1735 504 1767 recedere
534 1744 592 1766 nec
622 1734 763 1766 voluisse
793 1743 850 1765 nec
882 1735 1028 1775 potuisse.
1077 1735 1284 1772 Quamobrem
1308 1737 1374 1768 sine
1401 1736 1460 1769 ulla
1483 1736 1674 1769 dubitatione
1697 1736 1727 1769 id
1757 1736 1921 1778 praeferre

250 1799 418 1838 debemus,
452 1797 536 1839 quod
561 1801 590 1829 et
615 1797 721 1839 graeci
746 1798 900 1828 sermonis
931 1806 987 1829 usu
1018 1802 1048 1829 et
1077 1799 1231 1830 communi
1254 1798 1423 1841 linguarum
1454 1808 1542 1832 more
1565 1800 1678 1832 nititur.
1726 1800 1920 1833 Testimonio

249 1865 321 1894 sunt
346 1861 396 1893 illa
421 1860 599 1900 demorum,
631 1869 711 1901 quos
735 1863 861 1899 vocant,
890 1859 1060 1893 Atticorum
1086 1862 1223 1902 nomina,
1254 1872 1332 1904 quae
1356 1872 1448 1905 quum
1471 1863 1570 1905 primo
1594 1864 1782 1907 progeniem
1806 1864 1920 1907 cnjus-

248 1925 327 1967 piam
353 1924 582 1967 significarent,
616 1926 688 1964 post
712 1922 750 1954 ad
773 1923 876 1954 locum
900 1923 1011 1964 ipsum,
1042 1933 1135 1965 quem
1159 1924 1208 1956 illa
1232 1925 1396 1965 incolebat,
1426 1926 1571 1958 translata
1596 1926 1792 1958 nihilominus
1817 1936 1920 1970 genus

247 1989 535 2031 patronymicorum
560 1987 737 2017 servabant.
783 1986 860 2017 Nam
885 1987 1075 2028 quorundam
1099 1988 1236 2019 virorum
1260 1988 1419 2020 doctorum
1443 1990 1612 2030 sententia,
1642 1990 1843 2033 Judicantium
1867 1994 1919 2022 ta-

248 2053 288 2083 lia
312 2052 438 2082 nomina
462 2035 520 2092 pro
545 2050 697 2081 varietate
723 2049 956 2091 significationis
979 2054 1111 2092 utroque
1134 2061 1253 2093 genere
1276 2061 1370 2092 posse
1395 2053 1557 2092 enuntiari,
1581 2057 1623 2093 ut,
1649 2054 1675 2084 si
1694 2053 1807 2085 familia
1824 2054 1920 2085 intel-

246 2116 378 2158 ligatur,
405 2113 626 2153 masculinum,
652 2113 678 2143 si
703 2112 808 2151 locuS‚
840 2111 1015 2144 femininum
1040 2113 1235 2154 adhibeatur,
1267 2115 1316 2146 vel
1339 2116 1469 2147 maxime
1494 2116 1642 2147 abhorret
1665 2116 1703 2147 ab
1727 2127 1764 2148 ea
1788 2117 1920 2157 ratione,

246 2178 284 2211 ad
315 2188 406 2221 quam
436 2177 466 2209 in
497 2177 560 2208 vita
585 2175 777 2208 conformari
808 2176 907 2207 oratio
933 2175 1017 2208 solet.
1064 2177 1175 2220 Neque
1199 2187 1276 2210 vero
1302 2179 1376 2211 satis
1398 2180 1502 2211 mirari
1526 2189 1672 2222 possum,
1703 2189 1759 2212 cur
1781 2179 1920 2212 nonnulli

246 2242 489 2274 Branchidarum
513 2241 641 2271 nomine
665 2240 770 2270 locum
794 2239 922 2270 indicari
945 2239 1087 2272 dubitent.
1122 2241 1296 2273 Bredovius
1320 2243 1452 2283 quidem,
1476 2248 1642 2285 postquam
1666 2244 1757 2274 etiam
1782 2244 1812 2274 in
1836 2244 1919 2277 mul-

243 2307 283 2338 tis
313 2305 527 2348 posteriorum
557 2303 746 2345 scriptorum
776 2301 871 2342 lociS,
901 2302 953 2333 ubi
980 2302 1215 2337 Branchidarum
1246 2306 1360 2337 mentio
1391 2307 1430 2338 sit
1458 2307 1587 2349 injecta,
1620 2305 1780 2338 articulum
1805 2305 1920 2338 deesse

244 2369 337 2409 dixit,
367 2369 408 2401 ita
438 2368 544 2411 pergit
568 2365 622 2411 (p.
648 2364 736 2410 793:
768 2364 872 2406 „unde
900 2366 1007 2398 merito
1032 2366 1170 2400 dubitare
1194 2369 1314 2410 possis,
1347 2379 1425 2402 anne
1450 2369 1530 2412 apud
1554 2369 1613 2402 hos
1637 2370 1832 2412 posteriores
1856 2379 1920 2402 no-

244 2442 315 2464 men
344 2429 553 2473 Βραγχίδαι
581 2438 640 2471 pro
672 2430 735 2461 loci
765 2428 892 2459 nomine
923 2428 1071 2461 interdum
1100 2431 1271 2463 habendum
1302 2433 1355 2472 sit,
1388 2433 1425 2464 cs.
1451 2433 1540 2465 Paus.
1565 2433 1608 2472 V,
1632 2441 1660 2473 p.
1686 2431 1753 2463 299
1776 2431 1920 2475 (Sylb.):

244 2493 335 2528 κατὰ
358 2492 571 2536 Βραγχίδας
593 2491 681 2534 πρὸς
702 2490 814 2534 λιμένι
838 2490 1081 2534 ὀνομαζομένῳ
1105 2493 1297 2536 Πανόρμῳ,
1320 2512 1364 2518 -
1385 2495 1450 2535 vll,
1473 2505 1502 2537 p.
1525 2495 1611 2527 405:
1640 2497 1718 2528 τότε
1741 2498 1778 2527 ἐν
1801 2494 1923 2536 Βραγ-

245 2557 362 2598 χίδαις
384 2557 445 2597 τῆς
469 2555 680 2595 Μιλησίας.“
729 2553 827 2592 Quasi
851 2562 929 2585 vero
953 2553 1126 2588 Herodotus
1150 2557 1238 2589 aliter
1261 2557 1405 2599 loquatur
1428 2562 1521 2599 atque
1544 2559 1614 2601 ejus
1638 2557 1790 2590 imitator!
1826 2557 1921 2594 Quo-

245 2623 339 2655 modo
369 2629 421 2654 res
451 2629 487 2652 se
516 2619 644 2659 habeat,
677 2617 770 2650 facile
794 2616 946 2659 intelliget
969 2618 1018 2659 qui
1042 2628 1109 2651 cum
1134 2623 1243 2652 nostro
1267 2619 1338 2652 loco
1368 2620 1533 2653 contulerit
1556 2621 1664 2653 hosce.
1711 2620 1738 2660 l,
1773 2618 1855 2651 157:
1887 2620 1920 2652 oi

245 2682 281 2715 δὲ
314 2681 468 2725 Κυμαῖοι
498 2684 656 2724 ἔγνωσαν
686 2680 881 2724 συμβουλῆς
904 2679 979 2722 πέρι
1006 2685 1041 2719 ές
1065 2682 1153 2715 θεὸν
1177 2683 1311 2725 α’νῷσαι
1334 2682 1396 2715 τὸν
1419 2687 1461 2715 ἐν
1485 2683 1762 2726 Βραγχίδῃσι·
1786 2676 1828 2721 ἦν
1852 2681 1920 2724 γὰρ
