2138 3107
1067 299 1112 335 13

345 422 483 454 Fuerunt
506 423 558 464 qui
581 422 728 465 vulgatae
759 421 932 463 scripturae
965 432 1033 454 eam
1057 433 1136 465 quae
1165 427 1213 456 est
1235 425 1265 455 in
1288 423 1442 457 nonnullis
1466 424 1566 465 libris,
1593 423 1805 464 Φοίνικες,
1831 427 1923 456 ante—

255 490 408 528 ponerent
417 497 426 525 ;
459 486 617 528 plerique,
651 485 682 517 in
717 485 763 517 his
800 485 1134 528 Schweighaeuserus,
1168 487 1344 527 Bekkerus,
1379 486 1572 528 Dindorfius,
1606 488 1685 519 illam
1718 488 1921 520 retinuerunt.

254 550 357 587 Quum
381 549 559 581 alterutram
584 559 626 580 ex
645 548 842 581 correctione
860 551 958 580 natam
984 559 1056 581 esse
1079 553 1189 592 pateat,
1214 554 1281 583 utra
1305 551 1398 583 menti
1423 551 1582 593 scriptoris
1607 552 1705 594 magis
1730 551 1922 594 respondeat

253 614 388 655 ejusque
411 612 504 646 modo
528 612 673 645 narrandi
696 612 805 644 melius
829 617 994 656 congruat,
1026 615 1235 655 quaerendum
1259 619 1314 646 est.
1361 615 1425 647 Hac
1448 616 1528 646 enim
1552 616 1583 646 in
1606 616 1792 656 quaestione
1817 615 1918 657 posita

253 680 325 709 sunt
349 677 460 709 omnia.
507 675 589 714 Quid
613 676 707 719 igitur
729 675 841 708 tradit?
863 676 982 719 Nempe
1005 677 1167 711 Persarum
1191 677 1328 710 eruditos
1353 678 1506 710 affirmare
1529 678 1618 720 culpa
1644 677 1834 711 Phoenicum
1859 688 1917 711 ac-

254 740 386 780 cidisse,
411 743 444 771 ut
467 740 547 770 inter
571 739 709 771 Graecos
734 743 765 771 et
787 740 934 771 barbaros
959 741 1114 772 orirentur
1136 741 1324 781 inimicitiae,
1355 742 1467 783 quippe
1490 741 1559 772 illos
1582 750 1730 784 graecam
1755 741 1916 773 mulierem

251 808 370 846 raptam
394 813 501 835 secum
526 802 695 835 abduxisse
724 804 753 835 in
777 803 966 846 Aegyptum
997 814 1126 846 eamque
1150 815 1215 836 rem
1240 806 1350 836 Persas
1375 806 1414 837 ita
1438 805 1601 846 persequi,
1634 808 1667 836 ut
1691 809 1721 836 et
1745 815 1860 836 nomen
1885 809 1915 836 et

252 875 356 910 genus
386 870 492 909 raptae
521 866 650 909 virginis
680 866 768 908 plane
798 866 907 899 eodem
941 866 1032 899 modo
1058 877 1119 909 quo
1145 867 1255 900 Graeci
1279 871 1466 906 memorent;
1496 867 1673 900 Phoenices
1698 871 1807 899 contra
1832 868 1871 899 ita
1898 877 1914 899 a

253 930 359 962 Persis
384 929 564 970 dissentire,
596 934 627 962 ut
649 930 802 962 volentem
826 941 862 962 se
886 931 1033 963 avexisse
1056 931 1187 973 puellam
1211 931 1325 971 dicant,
1354 932 1496 973 rapuisse
1519 935 1645 974 negent.
1693 931 1822 972 Utrique
1847 932 1912 974 igi—

251 998 302 1025 tur
330 998 458 1026 eatenus
488 998 675 1037 congruunt,
709 998 741 1025 ut
769 1004 847 1025 nave
876 994 1041 1025 Phoenicia
1071 995 1255 1035 pervenisse
1283 995 1313 1025 in
1342 994 1518 1037 Aegyptum
1542 996 1628 1036 regis
1652 995 1742 1026 filiam
1767 999 1911 1032 narrent:

250 1067 313 1099 quo
345 1057 437 1090 modo
462 1066 501 1089 eo
531 1057 725 1100 pervenerit,
750 1057 829 1089 inter
852 1067 888 1089 se
911 1056 1069 1089 dissident.
1114 1056 1180 1089 Jam
1206 1057 1274 1099 quis
1299 1060 1347 1089 est
1370 1057 1419 1089 cui
1443 1056 1591 1089 credibile
1616 1056 1773 1097 videatur,
1806 1057 1911 1089 Grae-

250 1131 359 1153 corum
383 1122 413 1152 in
436 1121 493 1152 hac
515 1131 551 1152 re
574 1121 764 1152 Herodotum
787 1121 883 1152 verbo
908 1120 1024 1152 secisse
1048 1121 1249 1160 mentionem,
1281 1121 1529 1162 praetermisisse
1553 1120 1743 1160 Phoenices,
1778 1130 1910 1162 quorum

250 1184 476 1226 discrepantem
500 1194 517 1215 a
540 1184 644 1217 Persis
662 1184 869 1217 narrationem
893 1183 970 1215 infra
989 1183 1126 1225 pluribus
1150 1187 1236 1215 esset
1253 1184 1480 1224 expositurus?
1506 1183 1542 1215 Ut
1566 1183 1636 1214 illos
1662 1192 1910 1215 commemorare

248 1247 395 1287 voluerit,
420 1257 523 1280 nonne
546 1245 624 1280 οὐδὲ
649 1244 881 1284 ὡς’Φοίνικες
904 1246 973 1278 addi
996 1246 1185 1288 oportebat?

336 1309 565 1341 consideranda
595 1313 756 1351 praeterea
781 1313 853 1341 sunt
880 1319 959 1350 quae
983 1309 1013 1341 in
1037 1310 1141 1350 quinto
1167 1310 1267 1351 capite
1290 1309 1449 1351 leguntur:
1486 1306 1585 1341 Οὕτω
1608 1309 1670 1350 μὲν
1695 1308 1834 1350 Πέρσαι
1859 1309 1910 1341 λε’-

245 1382 346 1414 γουσι
372 1372 557 1417 γενέσθαι,
586 1373 644 1405 καὶ
675 1369 734 1405 διὰ
762 1369 822 1410 τὴν
849 1371 947 1405 Ἰλίου
975 1370 1105 1405 ἅλωσιν
1132 1370 1323 1412 εὑρίσκουσι
1354 1372 1452 1416 σφίσι
1474 1372 1602 1404 ἐοῦσαν
1625 1369 1686 1410 τὴν
1711 1369 1826 1412 ἀρχὴν
1849 1373 1909 1411 τῆς

244 1434 379 1478 ἔχθρης
401 1436 461 1475 τῆς
483 1438 518 1473 ἐς
540 1433 622 1472 τσὺς
636 1431 820 1475 ''EM-nvag-
853 1434 926 1477 περὶ
950 1434 987 1467 δὲ
1009 1434 1069 1474 τῆς
1091 1434 1171 1472 Ἰοῦς
1195 1433 1257 1467 οὐκ
1280 1434 1503 1477 ὁμολογέουσι
1525 1433 1681 1476 Πέρσῃσι
1706 1431 1797 1466 οὕτω
1824 1432 1910 1466 Φοί-

247 1509 351 1535 νικες·
381 1497 422 1530 οὐ
450 1497 517 1540 γὰρ
547 1495 687 1540 ἁρπαγῇ
716 1502 826 1540 σφέας
853 1501 1089 1540 χρησαμένους
1116 1497 1252 1539 λέγουσι
1282 1497 1352 1529 κτλ.
1401 1497 1431 1529 Si
1459 1507 1554 1538 supra
1571 1494 1735 1536 ’Έλληνες
1759 1498 1907 1538 scriptum

245 1565 322 1602 erat,
346 1570 409 1593 non
432 1561 531 1603 potuit
552 1560 602 1593 hic
626 1560 685 1594 dici
709 1560 964 1603 quemadmodum
988 1560 1101 1592 dictum
1123 1559 1275 1600 videmus,
1300 1559 1356 1592 sed
1377 1560 1422 1591 sic
1446 1559 1514 1591 sere
1538 1559 1662 1591 debuit:
1686 1558 1767 1592 οὐδὲ
1787 1558 1908 1592 Φοίνι-

242 1635 299 1661 κες
324 1623 546 1666 ὁμολογέουσι
568 1623 735 1666 Πέρσῃσι.
783 1623 835 1656 Sin
862 1622 1037 1663 Φοίνικες,
1061 1623 1151 1654 facile
1176 1622 1370 1666 intelligitur,
1394 1623 1595 1664 quamobrem
1620 1622 1726 1654 relatis
1751 1623 1907 1663 omnibus,

247 1697 326 1728 quae
359 1687 476 1719 Persae
503 1686 542 1718 de
570 1687 673 1719 causis
701 1687 923 1718 inimicitiarum
952 1686 1156 1726 tradiderunt,
1187 1696 1267 1718 nunc
1293 1695 1347 1725 eo,
1378 1685 1460 1717 unde
1483 1685 1535 1718 diu
1558 1685 1699 1725 deflexit,
1731 1690 1908 1718 revertatur

244 1751 354 1781 oratio.
398 1750 517 1781 Nullam
546 1753 633 1781 certe
661 1749 749 1781 aliam
779 1750 819 1781 ob
849 1759 974 1781 causam
1004 1759 1096 1790 quam
1126 1752 1158 1780 ut
1185 1749 1269 1790 quod
1298 1748 1397 1780 adhuc
1425 1747 1576 1780 debeatur
1599 1757 1687 1780 more
1711 1758 1770 1780 suo
1794 1748 1906 1781 lectori

245 1812 360 1845 reddat.
406 1813 483 1845 Nam
506 1822 619 1846 sensus
642 1812 824 1852 verborum,
855 1812 914 1844 nisi
943 1811 1047 1853 fallor,
1080 1812 1129 1844 hic
1158 1815 1222 1844 cst:
1254 1811 1292 1843 de
1322 1811 1355 1844 10
1386 1821 1449 1844 non
1473 1812 1673 1844 consentiunt
1695 1821 1765 1843 cum
1789 1812 1906 1852 Persis,

245 1875 501 1918 quemadmodum
526 1875 604 1915 dixi,
628 1875 815 1915 Phoenices,
839 1874 1023 1906 dissentiunt
1045 1878 1145 1906 autem
1169 1874 1230 1906 hoc
1253 1874 1365 1906 modo:
1389 1883 1452 1906 non
1474 1878 1563 1916 raptu
1588 1884 1624 1906 se
1647 1883 1725 1906 usos
1750 1884 1824 1906 esse
1848 1875 1905 1906 sed

244 1944 302 1971 etc.
334 1939 482 1971 Voculam
500 1936 590 1972 οὕτω
607 1949 670 1971 non
693 1938 732 1971 ad
755 1948 793 1971 ea
816 1938 916 1970 solum
939 1937 1053 1970 referri
1076 1948 1155 1979 quae
1180 1938 1425 1980 praecesserint,
1449 1947 1558 1970 verum
1582 1938 1673 1970 etiam
1698 1937 1737 1969 ad
1761 1948 1800 1970 ea
1824 1949 1907 1980 quac

244 2006 428 2044 sequantur,
458 2002 511 2033 vix
535 2011 613 2043 opus
637 2005 686 2033 est
707 2002 839 2040 monito;
871 2000 1060 2032 desideranti
1082 2004 1183 2032 autem
1208 2000 1349 2041 exempla
1372 2000 1451 2032 haec
1474 2001 1532 2032 tria
1557 2000 1719 2032 sufficiant.
1767 2001 1794 2040 1,
1825 2001 1862 2032 7:
1886 1999 1906 2041 ἡ

241 2065 279 2099 δὲ
301 2063 458 2107 ἡγεμονίη
488 2062 577 2097 οὕτω
601 2062 780 2106 περιῆλθε,
810 2063 914 2096 ἐοῦσα
932 2060 1197 2105 “Ηρακλειδέων,
1228 2065 1263 2100 ἐς
1286 2062 1326 2095 τὸ
1350 2067 1450 2104 γένος
1473 2062 1514 2096 τὸ
1540 2061 1715 2104 Κροίσου,
1746 2064 1909 2107 καλεομέ-

244 2140 324 2166 νους
351 2128 387 2160 δὲ
417 2125 638 2169 Μερμνάδας.
675 2119 716 2165 ἦν
745 2124 956 2164 Κανδαύλης
982 2125 1053 2157 κτλ.
1100 2113 1230 2165 11‚'73:
1258 2126 1385 2158 τοῦτον
1413 2124 1451 2158 δὲ
1480 2124 1620 2167 λέγουσι
1642 2144 1688 2150 —
1709 2129 1744 2163 ἐς
1766 2125 1808 2159 τὸ
1832 2125 1910 2168 ἱρὸν

242 2192 305 2224 τοῦ
327 2189 450 2224 “Ηλίου
478 2189 626 2231 κομίζειν
653 2186 714 2221 τὸν
742 2187 875 2229 πατέρα
901 2190 938 2220 ἐν
961 2186 1090 2230 σμύρνῃ
1113 2186 1356 2229 ἐμπλάσσοντα
1379 2188 1437 2221 καὶ
1461 2187 1614 2221 θάπτειν
1642 2191 1679 2221 ἐν
1701 2190 1765 2221 τοῦ
1782 2188 1909 2222 ‘Hi-lov

241 2255 290 2297 τῷ
311 2254 381 2296 ίρῷ.
412 2252 560 2296 κομίζειν
582 2250 619 2285 δὲ
641 2248 747 2284 οὕτω·
770 2250 908 2292 πρῶτον
929 2250 990 2290 τῆς
1014 2248 1160 2292 σμύρνης
1184 2249 1254 2293 ᾠὸν
1276 2249 1443 2284 πλάσσειν
1465 2250 1537 2283 κτλ.
1571 2251 1652 2291 Vnt,
1679 2251 1760 2284 140:
1785 2248 1909 2295 ἄνδρες

233 2307 437 2358 Ἀθηναῖοι,
468 2314 670 2358 Μαρδόνιος
698 2313 780 2347 τάδε
807 2312 911 2355 λέγει,
943 2313 1017 2356 ἐμοὶ
1047 2312 1185 2355 ἀγγελίη
1213 2312 1284 2354 ἥκει
1313 2312 1409 2357 παρὰ
1439 2313 1602 2359 βασιλέος
1625 2314 1777 2358 λέγουσα
1801 2314 1907 2350 οὕτω·

232 2381 456 2421 Ἀθηναίοισι
486 2377 551 2417 τοὶς
580 2376 781 2421 ἁμαρτάδας
808 2375 870 2415 τας
892 2375 928 2417 ἐξ
950 2377 1086 2410 ἐκείνων
1110 2380 1144 2414 ἐς
1166 2378 1223 2419 ἐμὲ
1246 2377 1435 2421 γενομένας
1459 2379 1576 2418 πάσας
1598 2380 1740 2422 μετίημι.
1789 2381 1910 2418 Quibus

241 2456 282 2478 ex
304 2445 383 2477 locis
407 2444 498 2478 etiam
522 2442 594 2475 illud
617 2445 767 2485 apparet,
781 2437 859 2483 γὰρ
883 2441 914 2473 in
936 2440 1059 2473 verbis:
1084 2439 1125 2473 οὐ
1147 2438 1215 2484 γὰρ
1240 2440 1381 2486 ἁρπαγῇ
1402 2442 1483 2476 male
1507 2454 1582 2476 esse
1605 2444 1772 2485 insertum,
1805 2444 1909 2478 ultima

240 2510 327 2541 litera
350 2508 464 2551 prioris
488 2507 576 2539 vocis
600 2505 661 2538 οὐκ
684 2504 935 2548 (confunduntur
958 2505 1041 2536 enim
1062 2504 1247 2546 saepissime
1271 2517 1291 2538 κ
1315 2510 1346 2537 ct
1369 2505 1410 2550 y]
1435 2516 1504 2538 cum
1530 2508 1627 2549 prima
1651 2508 1812 2549 sequentis
1836 2508 1908 2551 syl-

240 2573 309 2606 laba
340 2581 396 2615 pro
428 2569 495 2613 γὰρ
523 2570 631 2603 hahita.
676 2569 754 2603 Nam
782 2572 853 2611 post
882 2567 1121 2600 demonstrativa
1151 2571 1183 2600 et
1211 2569 1395 2611 pronomina
1427 2573 1459 2602 et
1482 2570 1645 2610 adverbia,
1678 2570 1729 2602 ubi
1759 2581 1797 2603 ea
1826 2582 1908 2613 quae

239 2636 444 2680 subjiciuntur
467 2637 653 2674 monstrant,
678 2635 856 2665 constanter
877 2632 964 2664 abest
988 2631 1174 2673 conjunctio.
