2138 3107
1037 315 1059 351 6

300 440 386 472 Haec
411 440 478 477 ille,
510 450 644 482 quoium
670 441 762 473 multa
787 451 846 473 nec
870 441 945 473 satis
969 439 1102 472 dilucide
1133 443 1164 471 et
1186 438 1278 481 paulo
1303 436 1498 470 festinantius
1523 435 1668 478 exposita
1692 439 1780 475 sunt,
1813 437 1888 470 nihil

212 507 314 535 autem
342 513 406 535 non
438 504 581 546 argutius
616 514 707 545 quam
733 505 838 536 verius
864 503 975 536 dictum
1001 507 1057 535 est.
1104 504 1180 534 Nam
1204 511 1307 543 neque
1330 501 1443 540 verba,
1476 500 1517 531 dc
1538 500 1652 541 quibus
1676 500 1795 541 agitur,
1829 510 1887 542 per

212 578 247 600 se
278 568 315 600 ab
340 568 400 599 hoe
432 567 503 599 loeo
535 567 635 599 aliena
665 578 738 600 esse
769 578 871 609 neque
903 567 1139 599 collocationem
1168 566 1333 598 verborum
1364 564 1506 596 vitiosam
1531 571 1605 595 esse
1630 563 1800 605 comparati
1823 562 1885 595 loci

213 631 270 672 ipsi
296 630 428 670 docent,
461 634 492 662 et
516 630 600 672 quod
624 629 699 663 εἶπε
723 631 832 662 altiore
856 631 944 661 vocis
969 639 1049 661 sono
1075 630 1179 661 eli'erri
1203 632 1349 670 oportere
1374 628 1465 666 dixit,
1499 626 1529 657 id
1553 635 1669 657 vereor
1692 636 1887 669 magnopere

212 698 245 725 ut
275 695 421 736 cuiquam
452 694 620 736 probetur,
654 704 747 735 quum
780 704 843 726 non
875 693 1111 735 responderitne
1141 693 1269 735 Apollo,
1299 691 1355 723 sed
1385 690 1457 732 quid
1486 688 1683 732 responderit
1707 693 1885 731 quaeratur.

214 758 372 798 Quodque
404 758 434 788 in
465 758 526 788 line
555 757 669 788 addidit
701 757 974 788 demonstrativum
1006 757 1110 789 τοῦτο
1141 767 1180 788 ex
1208 756 1403 798 grammatica
1434 754 1555 785 ratione
1585 753 1623 785 ad
1652 753 1815 785 relativum
1837 753 1887 795 τῷ

216 825 379 863 spectare,
403 820 433 852 id
457 830 535 852 vero
561 830 610 852 me
633 830 764 862 prorsus
789 830 851 852 non
876 819 1049 863 intelligere
1074 819 1175 852 fateor
1197 818 1406 851 libentissime.

308 902 389 939 Quid
414 902 473 933 erit
496 902 591 943 igitur
614 901 837 933 statuendum?
861 902 899 932 Et
920 901 1143 932 Valckenarius
1168 905 1198 932 et
1221 900 1392 932 Bredovius
1416 909 1513 941 prope
1537 898 1575 930 ad
1598 908 1708 930 verum
1733 908 1886 930 accesse-

215 969 305 1003 runt;
330 965 382 996 ille
407 964 480 1006 quid
504 965 638 996 voluerit
662 968 713 995 aut
737 950 880 996 debuerit
903 964 1007 996 dicere
1032 964 1211 996 Herodotus
1236 967 1397 996 assecutus
1421 966 1485 1002 est,
1518 961 1566 994 hic
1591 961 1664 1003 quid
1688 961 1728 993 sit
1752 961 1886 1004 ejicien-

217 1029 290 1060 dum
314 1028 485 1069 perspexit.
532 1028 574 1058 lta
600 1028 680 1058 enim
706 1037 741 1058 se
766 1038 818 1058 res
842 1028 941 1058 habet.
982 1027 1148 1068 Postquam
1173 1027 1278 1069 Pythia
1302 1026 1412 1069 legatis
1441 1025 1550 1057 Croesi
1573 1024 1750 1067 respondit,
1774 1025 1885 1068 injuria

217 1102 329 1134 regem
355 1091 549 1132 exprobrare
573 1090 612 1122 de
636 1090 776 1130 oraculo,
802 1091 841 1122 ita
865 1091 980 1132 pergit:
1005 1090 1157 1132 praedixit
1181 1091 1260 1122 enim
1280 1089 1401 1131 Apollo,
1426 1089 1451 1121 si
1475 1088 1588 1121 bellum
1612 1088 1719 1120 Persis
1743 1087 1884 1129 inferret,

218 1155 289 1186 fore
320 1158 354 1186 ut
383 1163 528 1196 magnum
560 1157 717 1184 everteret
750 1154 918 1195 imperium.
964 1153 1003 1185 At
1034 1154 1084 1184 ille
1116 1163 1177 1185 non
1208 1153 1357 1184 intellexit
1383 1161 1568 1194 responsum
1592 1162 1651 1184 nec
1676 1151 1780 1183 denuo
1804 1152 1887 1183 misit

219 1219 272 1259 qui
297 1218 509 1256 consulerent,
534 1218 682 1258 quocirca
708 1227 743 1248 sc
769 1217 867 1258 ipsum
892 1220 1025 1248 accuset.
1074 1217 1164 1254 Quod
1189 1220 1289 1248 autem
1312 1220 1501 1258 postremum
1525 1215 1699 1248 consulenti
1724 1215 1889 1257 respondit

220 1281 299 1313 deus
325 1281 364 1313 de
389 1280 487 1319 mulo,
516 1290 555 1311 ne
580 1280 639 1311 hoc
664 1279 787 1321 quidem
813 1279 975 1319 intellexit,
1000 1289 1069 1311 nam
1095 1280 1195 1322 Cyrus
1220 1283 1285 1310 erat
1308 1289 1418 1310 revera
1442 1279 1490 1310 hic
1514 1279 1623 1310 mulus.
1669 1278 1746 1310 Tum
1770 1282 1886 1320 quate-

219 1354 278 1375 nus
310 1344 370 1374 hoe
402 1343 441 1374 de
474 1343 556 1384 Cyro
582 1343 682 1383 possit
711 1343 856 1374 affirmari
881 1342 984 1374 refert.
1034 1343 1110 1373 Hinc
1135 1342 1214 1374 duae
1237 1352 1290 1373 res
1316 1346 1386 1374 sunt
1408 1343 1607 1383 perspicuae:
1637 1342 1766 1383 primum
1790 1342 1886 1374 verba

221 1406 300 1440 οὐδὲ
324 1407 427 1439 τοῦτο
453 1404 619 1448 συνέλαβε
637 1405 752 1437 arctius
777 1405 948 1437 cohaerere
971 1415 1040 1437 cum
1066 1406 1102 1436 iis
1127 1415 1206 1447 quae
1226 1405 1410 1437 antecedunt
1418 1416 1427 1444 ;
1452 1405 1533 1447 quod
1557 1405 1615 1437 nisi
1639 1408 1735 1445 esset,
1761 1415 1801 1437 ne
1824 1414 1885 1437 ne-

221 1471 360 1501 cessaria
385 1469 509 1509 quidem
534 1468 652 1505 forent;
679 1469 738 1499 boc
762 1469 843 1499 enim
868 1473 1086 1509 exspectares:
1120 1470 1169 1500 cui
1194 1469 1285 1500 etiam
1308 1473 1496 1510 postremum
1528 1469 1702 1501 consulenti
1726 1479 1807 1510 quae
1830 1479 1888 1501 re—

221 1532 348 1574 spondit
371 1531 485 1573 Apollo
510 1531 675 1573 respondit
704 1531 742 1562 de
768 1531 870 1570 mulo;
896 1531 993 1573 Cyrus
1018 1533 1099 1563 enim
1124 1532 1172 1563 hic
1196 1531 1297 1563 mulus
1323 1535 1396 1563 erat.
1438 1531 1556 1563 Deinde
1581 1535 1646 1563 toto
1678 1531 1738 1563 hoc
1762 1532 1889 1563 enunti-

222 1599 288 1635 ato,
314 1595 398 1636 quod
423 1595 527 1635 incipit
552 1604 568 1625 a
594 1595 654 1636 τῷ,
679 1603 790 1625 novam
824 1598 854 1625 et
883 1595 1054 1635 primariam
1088 1594 1193 1625 efferri
1217 1595 1416 1634 sententiam,
1448 1596 1496 1625 cui
1520 1595 1747 1626 confirmandae
1770 1595 1888 1636 reliqua

223 1659 393 1690 inserviant
422 1658 542 1697 omnia,
576 1667 707 1698 eamque
736 1658 789 1689 vix
822 1658 989 1689 convenire
1017 1668 1075 1699 per
1105 1658 1265 1690 relativum
1296 1658 1392 1700 priori
1416 1661 1567 1699 tamquam
1591 1657 1806 1690 secundariam
1830 1657 1890 1690 ad-

217 1721 318 1763 jungi.
366 1721 453 1758 Quae
478 1730 572 1761 quum
598 1720 636 1750 ita
661 1721 735 1759 sint,
760 1720 862 1751 locum
886 1720 945 1751 hoc
968 1720 1060 1751 modo
1086 1720 1308 1752 restituendum
1333 1724 1422 1761 puto:

330 1829 376 1865 τό
414 1830 453 1865 δὲ
491 1831 537 1864 τὸ
573 1830 794 1864 τελευταῖον
828 1831 1191 1879 χρῃσηλριαζομένῳ
1228 1834 1263 1865 οἱ
1299 1828 1379 1865 eim:
1414 1829 1558 1879 Λοξίης
1586 1830 1674 1879 περὶ
1714 1828 1888 1878 ἡμιόνου,

331 1900 421 1938 οὐδὲ
450 1905 571 1937 τοῦτο
603 1902 793 1946 συνέλαβε.

312 2018 459 2049 Errorem
485 2017 680 2049 librariorum
713 2017 783 2048 inde
807 2021 907 2049 ortum
931 2027 1002 2049 csse
1026 2017 1227 2058 crediderim,
1262 2017 1344 2059 quod
1368 2028 1460 2059 quum
1491 2016 1532 2050 τὸ
1556 2022 1682 2060 propter
1705 2024 1888 2060 sequentem

222 2081 356 2112 dativum
386 2081 537 2122 participii
570 2081 599 2111 in
625 2081 673 2122 τῷ
696 2084 867 2112 mutassent
890 2091 992 2122 neque
1016 2081 1169 2113 haberent
1198 2080 1281 2122 quod
1304 2081 1342 2113 ad
1365 2079 1450 2121 εἷπε,
1483 2085 1515 2113 ut
1539 2083 1651 2124 objecti
1675 2082 1777 2115 locum
1802 2084 1888 2115 obti—

222 2148 327 2183 neret,
352 2144 521 2183 referrent,
546 2143 658 2174 vocula
683 2146 784 2174 autem
809 2143 841 2175 οἱ
865 2142 1023 2175 videretur
1041 2153 1115 2175 esse
1138 2144 1185 2175 bis
1207 2144 1299 2185 positi
1323 2144 1409 2175 verbi
1433 2142 1502 2177 εἶπε
1526 2145 1651 2185 initium,
1676 2155 1743 2178 eam
1768 2145 1889 2178 dicendi

221 2208 372 2239 rationem
397 2207 446 2238 liic
471 2207 529 2238 sibi
553 2205 793 2247 deprehendere
813 2206 999 2247 viderentur,
1025 2217 1085 2248 qua
1109 2216 1206 2248 saepe
1229 2207 1355 2238 verbum
1379 2217 1448 2239 cum
1471 2209 1653 2249 pronomine
1676 2209 1806 2241 relativo
1831 2219 1889 2240 re-

221 2272 352 2312 petitur,
387 2281 518 2310 eamque
544 2271 584 2301 ob
610 2280 736 2301 causam
760 2267 804 2302 τὰ
828 2270 1085 2311 interponendum
1104 2270 1288 2312 judicarent.
1334 2271 1589 2304 permutationem
1613 2273 1830 2314 particularum
1853 2272 1890 2307 δὲ

221 2337 252 2365 et
276 2333 335 2366 καὶ
360 2342 452 2364 nemo
477 2332 652 2372 mirabitur,
687 2332 740 2374 qui
764 2331 841 2364 sciat
871 2333 959 2364 simili
989 2342 1044 2365 eas
1074 2341 1155 2365 sono
1179 2333 1389 2374 pronuntiatas
1421 2343 1493 2366 esse
1501 2345 1510 2374 5
1541 2346 1560 2367 ο
1585 2339 1615 2367 et
1638 2347 1665 2368 ω
1689 2335 1780 2368 facile
1806 2346 1890 2368 con-

220 2396 307 2429 fundi
333 2400 365 2427 et
388 2406 446 2437 per
470 2405 506 2427 se
530 2399 613 2437 patet
646 2399 677 2427 et
700 2395 780 2427 infra
805 2396 955 2437 exemplis
979 2397 1153 2439 insignibus
1178 2396 1415 2436 demonstrabo;
1445 2399 1525 2429 inter
1547 2410 1582 2431 οι
1605 2403 1706 2431 autem
1730 2404 1762 2432 et
1784 2412 1813 2433 ει
1836 2401 1889 2432 ἰη-

221 2460 386 2492 tercedere
410 2459 545 2501 aliquam
569 2459 798 2491 similitudinem
830 2463 890 2491 tam
921 2460 1101 2492 incredibile
1130 2459 1232 2492 multis
1256 2459 1418 2501 videbitur,
1441 2465 1474 2494 ut
1497 2472 1630 2495 necesse
1654 2464 1694 2496 sit
1717 2464 1748 2496 in
1771 2464 1830 2496 hac
1853 2473 1890 2496 re

220 2523 343 2565 paulum
373 2522 572 2553 commorari.
618 2521 695 2553 Eum
729 2522 946 2563 pronuntiandi
978 2523 1119 2562 modum,
1153 2531 1244 2563 quem
1277 2526 1430 2555 nostrates
1461 2525 1498 2555 ab
1529 2525 1700 2558 Reuchlino
1733 2527 1891 2568 appellare

220 2590 472 2625 consueverunt,
507 2595 571 2617 non
595 2586 764 2617 recentiori
789 2584 911 2617 demum
940 2590 1041 2619 aetate
1070 2589 1189 2625 natum,
1223 2584 1280 2617 sed
1303 2590 1497 2627 perveterem
1522 2598 1595 2622 esse
1618 2593 1681 2622 turn
1704 2590 1773 2623 libri
1796 2599 1889 2622 manu

221 2650 340 2681 exarati
372 2653 436 2680 tum
467 2648 587 2690 lapides
617 2648 757 2689 inscripti
780 2648 954 2688 declarant,
987 2659 1046 2680 nec
1070 2649 1201 2680 dubitari
1226 2648 1333 2688 debet,
1366 2650 1437 2690 quin
1462 2661 1502 2682 ex
1525 2652 1584 2684 hoc
1609 2652 1695 2685 sonte
1720 2653 1890 2695 praecipue

220 2712 333 2744 inlinita
358 2713 407 2744 illa
432 2712 577 2744 vitiorum
602 2711 763 2744 multitudo
788 2712 969 2751 manaverit,
1005 2722 1086 2753 quae
1110 2722 1127 2744 a
1152 2711 1252 2743 doctis
1275 2712 1349 2743 viris
1373 2723 1428 2753 pro
1452 2715 1546 2747 variis
1569 2715 1757 2749 lectionibus
1781 2716 1888 2747 haberi
