2138 3107
925 596 1147 634 CAPUT
1180 598 1225 634 1.

246 709 357 765 Tres
381 729 577 770 potissimum
601 728 689 760 locos
713 737 753 759 ex
777 729 813 760 iis
838 730 889 770 qui
914 730 1047 762 maxime
1070 732 1203 763 omnium
1227 731 1258 762 in
1276 732 1521 764 controversiam
1541 735 1614 764 sunt
1637 731 1741 763 vocati
1764 731 1814 763 hic
1838 731 1912 763 mihi

243 791 420 825 tractandos
445 790 579 833 sumpsi,
598 800 729 832 quorum
753 791 867 833 primus
892 795 941 824 est
963 792 990 825 is
1013 792 1067 835 qui
1090 793 1204 837 legitur
1226 793 1254 834 1,
1271 793 1331 825 33:

353 876 487 911 Ταῦτα
515 874 627 920 λέγων
655 877 708 923 τῷ
732 874 886 923 Κροίσῳ
916 872 965 912 οὔ
991 888 1066 921 κως
1095 873 1186 913 οὔτε
1215 876 1430 927 ἐχαρίζετο,
1465 874 1557 914 οὔτε
1585 875 1700 922 λόγου
1729 890 1797 925 μιν
1826 890 1910 914 ποι-

350 945 544 998 ησάμενος
572 944 732 992 οὐδενός
759 945 1037 996 ἀποπέμπεται,
1067 946 1189 999 κάρτα
1218 946 1333 994 δόξας
1362 947 1523 999 ἀμαθής
1552 946 1659 994 εἶναι,
1689 948 1734 995 ὃς
1760 948 1810 986 τά
1840 963 1910 987 πα-

352 1018 489 1069 ρεόντα
517 1017 646 1065 ἀγαθά
672 1019 802 1067 μετεὶς
830 1018 901 1069 τὴν
930 1019 1110 1070 τελευτήν
1137 1019 1285 1065 παντὸς
1313 1020 1511 1070 χρήματος
1540 1024 1636 1071 ὁρᾶν
1664 1023 1820 1058 ἐκέλευε.

332 1108 382 1141 Sic
406 1108 568 1140 Bekkerus
592 1118 662 1140 cum
685 1108 771 1139 libris
795 1118 887 1139 manu
911 1108 1050 1149 scriptis,
1074 1108 1132 1140 nisi
1155 1108 1241 1150 quod
1264 1108 1326 1141 duo
1349 1109 1483 1150 λεγοντι
1506 1114 1538 1141 et
1560 1119 1661 1151 prope
1685 1119 1796 1142 omnes
1820 1109 1910 1153 ἅμα.

242 1171 314 1204 θέα
338 1171 494 1203 exhibent.
540 1171 728 1213 Interpretes
758 1179 868 1203 omnes
898 1174 1074 1213 agnoscunt
1101 1171 1161 1203 loci
1185 1170 1406 1212 difficultatem,
1436 1171 1474 1204 ad
1497 1182 1590 1214 quam
1613 1171 1782 1205 tollendam
1805 1172 1909 1214 tripli-

241 1245 309 1267 cem
333 1234 554 1276 interpretandi
582 1235 733 1266 rationem
764 1234 906 1265 inierunt.
952 1233 1013 1265 Alii
1041 1235 1135 1274 enim,
1170 1244 1251 1276 quae
1279 1238 1455 1275 narrantur,
1488 1234 1527 1267 de
1552 1235 1676 1267 Croeso
1709 1235 1769 1267 dici
1792 1240 1909 1277 putant,

240 1297 290 1329 alii
321 1297 359 1329 ad
383 1297 531 1329 Solonem
559 1296 718 1336 referunt,
748 1295 887 1328 nonnulli
918 1295 1051 1338 denique
1079 1297 1187 1339 partim
1216 1296 1256 1328 de
1280 1296 1412 1336 Solone,
1441 1298 1549 1339 partim
1574 1297 1613 1329 de
1638 1297 1761 1330 Croeso
1785 1297 1835 1330 hic
1859 1299 1910 1342 agi

240 1361 298 1393 sibi
322 1360 519 1403 persuadent.
555 1360 723 1398 Quaeritur
745 1360 853 1403 igitur,
878 1369 940 1401 quo
960 1361 1042 1402 jure.

328 1423 375 1455 Ac
404 1424 535 1465 primum
564 1422 689 1465 quidem
718 1423 772 1465 qui
801 1423 899 1455 verba
931 1423 971 1455 ita
1000 1423 1233 1463 intellexerunt,
1262 1427 1295 1455 ut
1323 1433 1359 1455 ea
1388 1422 1427 1456 ad
1455 1423 1608 1456 Croesum
1635 1423 1805 1457 referenda
1834 1433 1910 1457 esse

240 1490 398 1529 putarent,
425 1496 520 1527 quum
544 1485 699 1528 ejusmodi
723 1486 888 1527 explicatio
911 1486 969 1518 hac
992 1486 1158 1518 verborum
1183 1486 1414 1518 constructione
1441 1496 1637 1528 nequaquam
1666 1486 1783 1519 admitti
1810 1496 1910 1529 posse

238 1550 417 1590 videretur,
446 1558 510 1581 non
538 1549 640 1581 solum
664 1548 811 1591 ἀμαθέα
834 1549 925 1581 unice
948 1559 1055 1581 verum
1080 1558 1152 1581 esse
1172 1549 1365 1592 Judicarunt,
1394 1548 1452 1581 sed
1476 1552 1542 1590 aut,
1571 1549 1602 1582 id
1631 1549 1716 1592 quod
1739 1549 1909 1594 Schweig-

239 1613 414 1645 haeuserus
443 1612 556 1652 voluit,
585 1613 698 1645 ταῦτα
720 1612 856 1654 λέγοντι
880 1610 1036 1655 Κροῖσος
1058 1612 1254 1644 scribendum
1282 1616 1486 1652 censuerunt,
1516 1615 1584 1653 aut,
1613 1612 1698 1654 quod
1723 1613 1789 1656 Jam
1812 1613 1908 1646 Porto

241 1680 273 1708 et
296 1676 439 1708 Gesnero
464 1676 494 1707 in
518 1679 653 1708 mentem
676 1679 822 1717 venerat,
851 1676 1071 1708 nominativum
1093 1676 1244 1718 participii
1273 1686 1313 1708 ex
1337 1685 1375 1708 eo
1399 1685 1520 1719 genere
1544 1675 1668 1709 dicendi
1691 1676 1910 1719 explicandum

240 1742 429 1780 statuerunt,
458 1748 520 1781 quo
551 1748 643 1772 casus
672 1739 724 1771 ille
747 1748 967 1781 nonnunquam
996 1738 1036 1771 ita
1067 1742 1153 1772 esset
1174 1739 1312 1782 positus,
1340 1742 1374 1772 ut
1402 1739 1432 1771 ei
1459 1738 1532 1771 nihil
1561 1739 1593 1771 in
1620 1738 1740 1781 reliqua
1764 1739 1910 1772 oratione

240 1802 456 1844 responderet.
504 1803 643 1840 Quorum
667 1805 809 1834 neutrum
833 1802 946 1834 sufficit
975 1811 1079 1844 neque
1101 1801 1139 1834 ad
1163 1802 1329 1834 dictionem
1357 1811 1504 1845 graecam
1527 1801 1717 1835 reddendam
1741 1812 1847 1844 neque
1869 1802 1910 1835 ad

240 1866 477 1908 perversitatem
503 1865 676 1897 sententiae
700 1864 928 1897 removendam.
974 1865 1051 1896 Nam
1076 1869 1108 1897 ut
1130 1865 1205 1897 nihil
1228 1865 1326 1897 dicam
1349 1865 1388 1897 de
1412 1874 1469 1906 eo,
1499 1865 1584 1907 quod
1606 1865 1653 1898 sic
1676 1865 1807 1898 abesset
1828 1875 1910 1908 pro-

239 1939 354 1962 nomen
378 1928 462 1970 quod
486 1929 583 1960 omitti
607 1938 669 1960 non
693 1932 818 1970 posset,
848 1929 918 1969 quis
943 1932 991 1960 est
1013 1928 1106 1960 hodie
1132 1929 1189 1969 qui
1212 1932 1272 1960 tam
1301 1928 1461 1970 imperitus
1485 1929 1526 1960 sit
1546 1938 1682 1971 graecae
1705 1929 1847 1971 linguae,
1877 1934 1912 1962 ut

240 2003 280 2025 ne
296 1997 469 2034 temporum
493 1991 617 2034 quidem
636 1991 802 2027 discrimen
822 1992 1001 2033 pernoverit
1024 1995 1056 2023 et
1078 1990 1301 2034 ἐχαρίζετο
1326 2001 1394 2023 eam
1412 1991 1528 2024 habere
1549 1994 1737 2033 potestatem
1753 1992 1910 2034 opinetur,

240 2059 273 2089 ut
296 2055 451 2099 significet
474 2054 560 2096 quod
582 2054 624 2086 illi
640 2054 764 2087 volunt:
788 2055 988 2096 qratificatus
1011 2058 1058 2087 est
1079 2054 1129 2086 vel
1153 2054 1285 2096 benique
1308 2054 1485 2087 tractavit?
1507 2057 1559 2087 aut
1581 2054 1652 2096 quis
1677 2054 1786 2088 credat
1801 2054 1910 2088 Hero-

241 2120 347 2152 dotum
370 2129 436 2151 rem
460 2118 715 2160 simplicissimam
739 2122 799 2150 tam
824 2122 967 2150 contorte
990 2118 1145 2150 elocutum
1169 2128 1253 2158 esse,
1276 2121 1310 2150 ut
1333 2118 1431 2150 altero
1454 2113 1532 2150 οὔτε
1556 2128 1627 2150 cum
1644 2119 1807 2160 participio
1828 2128 1911 2151 con-

236 2184 345 2227 juncto
369 2182 546 2225 primarium
570 2182 699 2214 verbum
725 2181 840 2215 nudum
864 2182 1012 2224 subsequi
1035 2181 1193 2214 voluerit?
1216 2181 1332 2214 Verum
1355 2190 1438 2224 pone
1460 2184 1492 2213 et
1514 2190 1663 2224 graecam
1686 2190 1763 2214 esse
1786 2182 1912 2215 oratio-

241 2257 312 2279 nem
337 2251 368 2278 et
391 2247 466 2278 satis
493 2247 689 2286 concinnam,
716 2256 789 2278 num
817 2256 897 2288 quae
927 2245 1174 2278 commodissima
1199 2255 1216 2277 a
1239 2245 1315 2277 viris
1343 2244 1442 2277 doctis
1466 2245 1647 2286 perhibetur
1677 2246 1834 2278 sententia
1857 2250 1912 2279 to·-

240 2309 399 2342 lerabilem
428 2319 496 2342 eam
525 2318 599 2341 esse
629 2308 794 2342 dicemus?
829 2309 976 2349 Croesus,
1000 2309 1099 2351 ajunt,
1129 2317 1188 2340 nec
1218 2307 1383 2349 quidquam
1413 2306 1521 2340 Soloni
1550 2311 1600 2340 est
1628 2308 1823 2351 gratificatus
1854 2318 1913 2342 nec

241 2372 303 2404 ullo
322 2372 394 2404 loco
419 2382 490 2405 eum
514 2372 631 2405 habens
656 2372 776 2405 dimisit.
807 2372 848 2404 At
871 2372 942 2414 quid
965 2371 1088 2404 tandem
1112 2373 1321 2412 exspectaret,
1345 2379 1437 2411 quem
1458 2373 1591 2412 propter
1608 2371 1782 2412 sapientiae
1799 2371 1914 2405 famam

241 2439 272 2466 et
300 2435 517 2467 liberalissime
547 2446 605 2468 rex
635 2436 809 2478 accepisset
839 2439 871 2467 et
899 2439 982 2467 tanto
1012 2434 1136 2477 dignum
1167 2434 1288 2465 honore
1318 2433 1482 2473 duxisset,
1515 2437 1548 2465 ut
1577 2433 1745 2466 thesauros
1776 2436 1806 2467 ei
1836 2445 1915 2467 suos

241 2497 363 2529 ostendi
376 2498 527 2540 juberet?
555 2499 594 2531 Ut
618 2498 716 2531 dicam
740 2498 823 2541 quod
841 2508 894 2530 res
918 2501 976 2538 est,
1000 2497 1073 2529 nihil
1095 2496 1249 2529 infelicius
1274 2496 1446 2539 excogitari
1463 2497 1562 2538 potuit
1585 2506 1623 2528 ea
1644 2496 1914 2539 interpretatione,

242 2570 323 2602 quae
347 2564 379 2593 et
401 2561 462 2593 vim
487 2561 600 2594 inserat
623 2562 759 2594 sermoni
785 2566 816 2595 et
839 2571 965 2594 sensum
988 2560 1101 2592 efficiat
1123 2560 1355 2602 ineptissimum.

335 2624 429 2663 Paulo
454 2625 504 2657 alii
527 2626 644 2658 rectius
667 2627 804 2668 priorem
826 2626 888 2658 loci
916 2628 1032 2667 partem
1056 2623 1095 2655 de
1119 2623 1253 2663 Solone,
1276 2624 1485 2665 posteriorem
1509 2623 1549 2655 de
1573 2623 1695 2657 Croeso
1714 2630 1916 2667 acceperunt,

242 2697 375 2727 quorum
400 2688 551 2721 rationein
571 2688 649 2722 Guil.
672 2689 862 2722 Dindorfium
887 2689 916 2721 in
941 2687 1076 2720 editione
1103 2697 1159 2719 sua
1183 2690 1322 2719 secutum
1346 2696 1420 2719 esse
1443 2687 1551 2726 miror,
1575 2688 1626 2729 qui
1651 2688 1830 2730 intelligere
1854 2689 1915 2722 de-

1435 2749 1445 2780 1
1458 2750 1477 2767 ἐξ
