2138 3107
1051 328 1076 364 8

314 440 401 488 Leve
434 455 607 488 scribarum
635 453 780 487 mendum
809 454 850 486 ita
879 457 972 486 totam
1005 454 1197 495 perturbavit
1227 454 1426 494 sententiam,
1462 458 1495 486 ut
1524 457 1555 485 et
1585 455 1759 495 superioris
1791 458 1900 489 aetatis

228 522 414 562 interpretes
439 529 632 561 magnopere
649 522 841 551 vexarentur
863 528 920 550 nec
943 517 1037 550 hodie
1062 522 1185 551 constet
1208 518 1247 550 de
1271 528 1347 551 vera
1368 518 1430 551 loci
1454 518 1613 560 scriptura.
1646 517 1794 556 Quamvis
1819 520 1900 551 enim

228 583 375 617 Reiskius
399 592 510 615 verum
533 582 716 622 invenisset,
740 586 842 614 tamen
866 585 896 613 et
918 581 984 623 ipse
1008 580 1147 613 incertus
1171 584 1248 622 erat,
1272 581 1324 623 qui
1348 581 1501 623 duplicem
1522 584 1714 623 proponeret
1737 580 1900 621 medelam,

230 652 261 679 et
285 648 334 679 alii
360 658 377 679 a
401 647 551 679 librorum
575 647 718 689 vestigiis
743 645 905 678 discedere
928 645 1073 688 religioni
1096 645 1262 684 habentes,
1292 645 1319 677 si
1344 656 1435 688 quam
1459 645 1542 678 forte
1564 645 1732 678 verborum
1756 644 1901 678 insolen-

232 713 305 744 tium
338 712 524 753 excogitare
553 714 684 752 possent
707 709 959 751 explicationem,
991 707 1290 750 circumspiciebant.
1337 708 1444 751 ltaque
1468 718 1561 752 quum
1585 709 1645 741 hoc
1668 708 1753 751 quod
1776 709 1901 752 signiti-

232 774 297 807 cari
328 774 505 806 videretur:
533 778 666 815 praeter
697 773 845 804 tributum
876 771 1044 813 exiyebant
1073 782 1094 803 a
1123 771 1257 812 singulis
1285 771 1435 803 tributum
1459 776 1489 803 et
1508 776 1640 813 praeter
1663 772 1724 804 hoc
1748 772 1898 804 tributum

232 838 408 879 rapiebant
429 838 517 878 quod
538 838 655 878 sinyuli
685 836 836 868 haberent
864 836 894 868 in
917 836 981 868 sani
1011 835 1172 877 scriptoris
1201 835 1374 867 orationem
1398 845 1506 877 pamm
1531 835 1702 868 convenire
1727 839 1900 878 appareret,

235 912 312 934 ecce
336 901 524 934 exstiterunt
548 900 601 942 qui
624 900 664 932 ita
688 900 765 932 scite
789 903 819 931 et
842 899 989 932 subtiliter
1012 898 1188 941 interpretis
1212 907 1341 930 munere
1364 898 1581 942 fungerentur,
1605 902 1639 931 ut
1662 899 1774 941 triplex
1798 909 1901 931 vexa-

236 966 354 998 tionum
379 974 482 1008 genus
506 963 554 996 his
578 963 745 996 verborum
774 963 923 1005 portentis
945 962 1070 995 indicari
1092 962 1279 1005 reperirent:
1315 962 1445 1004 primum
1470 966 1556 994 certa
1578 963 1691 995 tributa
1714 963 1903 1005 imposuisse

236 1029 386 1072 Scythas,
411 1027 524 1060 deinde
549 1027 682 1059 diversis
706 1027 910 1069 temporibus,
940 1029 1031 1068 prout
1053 1026 1112 1058 illis
1136 1026 1273 1067 libuerit,
1302 1026 1447 1059 tributum
1471 1026 1639 1069 exegisse,
1664 1031 1825 1069 postremo
1849 1028 1902 1059 in-

236 1092 396 1125 cursando
422 1091 507 1133 quod
532 1091 646 1133 singuli
668 1091 819 1122 haberent
840 1100 950 1132 rapere
972 1090 1091 1122 solitos.
1134 1090 1217 1122 Haec
1241 1099 1303 1122 non
1328 1090 1359 1122 in
1381 1089 1486 1122 verbis
1508 1090 1585 1132 ipsis
1610 1090 1727 1131 inesse,
1752 1090 1809 1123 sed
1834 1091 1903 1123 sol-

236 1156 345 1189 lertiae
369 1154 547 1197 interpretis
572 1153 679 1186 deberi
709 1154 809 1196 quivis
832 1153 986 1197 intelligit,
1015 1163 1074 1186 nec
1098 1153 1130 1186 C.
1154 1153 1186 1185 F.
1209 1153 1375 1193 Baehrius,
1406 1163 1590 1196 quamquam
1614 1156 1646 1185 et
1667 1153 1736 1195 ipse
1761 1154 1903 1198 confugit

237 1219 276 1251 ad
304 1219 385 1250 hanc
413 1218 521 1250 miram
553 1217 725 1259 explicandi
754 1218 920 1256 rationein,
952 1221 1055 1258 potest
1085 1226 1147 1249 non
1177 1217 1266 1249 fateri
1298 1218 1422 1249 multum
1451 1226 1622 1259 superesse
1651 1216 1839 1249 difficultatis
1871 1219 1902 1250 in

236 1283 344 1314 verbis
368 1281 476 1323 χωρὶς
504 1280 541 1313 δὲ
564 1281 626 1313 τοῦ
653 1279 782 1325 φόρου,
814 1281 1012 1322 quamobrem
1036 1291 1073 1312 ea
1098 1291 1138 1313 ex
1161 1280 1349 1324 glossemate
1373 1281 1403 1312 in
1426 1283 1544 1312 textum
1567 1280 1735 1322 irrepsisse
1759 1280 1897 1313 arbitra-

237 1349 295 1377 tur.
357 1343 520 1376 Bekkerus
559 1342 644 1385 quod
675 1342 820 1374 Reiskius
859 1344 1051 1385 conjecerat,
1086 1342 1218 1389 φόρον,
1249 1353 1311 1375 non
1344 1343 1491 1375 dubitavit
1523 1344 1667 1385 recipere
1677 1354 1685 1382 ;
1722 1344 1901 1376 Dindortius

238 1412 347 1440 contra
377 1408 446 1439 sine
474 1407 590 1438 idonea
619 1416 713 1438 causa
740 1407 882 1448 praetulit
908 1406 1036 1450 φόνων.
1084 1407 1161 1439 Nam
1191 1407 1218 1439 si
1241 1406 1302 1439 levi
1324 1407 1490 1439 mutatione
1514 1416 1576 1439 non
1599 1406 1701 1439 solum
1725 1407 1901 1440 sententiae

238 1469 431 1513 perversitas
454 1468 597 1509 tollatur,
628 1468 684 1501 sed
714 1469 804 1501 etiam
834 1468 952 1501 dicendi
974 1478 1076 1513 genus
1102 1469 1253 1501 efficiatur
1277 1479 1293 1500 a
1323 1470 1545 1501 consuetudine
1569 1470 1730 1511 scriptoris
1754 1480 1817 1502 non
1841 1472 1901 1502 ab-

237 1535 390 1573 horrens,
416 1544 472 1565 cur
495 1533 545 1565 illa
568 1534 739 1575 rejiciatur,
765 1533 908 1574 equidem
931 1544 1053 1566 causam
1076 1533 1169 1566 video
1193 1533 1313 1566 nullam.
1359 1534 1463 1576 Itaque
1487 1534 1545 1566 nisi
1569 1533 1680 1566 credas
1704 1534 1825 1577 quidvis
1850 1534 1901 1567 di-

239 1608 313 1630 cere
338 1598 481 1640 potuisse
505 1596 714 1637 Herodotum,
740 1597 785 1629 sic
810 1597 960 1629 scribatur
982 1607 1116 1630 necesse
1142 1600 1208 1629 est:

348 1683 467 1733 χωρὶς
495 1683 564 1731 μὲν
593 1681 663 1732 γάρ
693 1681 815 1734 φόρον
841 1683 1035 1734 ἔπρησσον
1063 1686 1152 1734 παρ’
1183 1681 1350 1720 ἑκάστων
1378 1681 1447 1720 τόν
1468 1682 1662 1720 ἑκάστοισι
1691 1685 1904 1729 ἐπέβαλλον,

345 1755 466 1805 χωρὶς
495 1754 535 1791 δὲ
565 1758 638 1790 τοῦ
659 1753 783 1805 φόρου
804 1755 973 1805 ’ἥρπαζον
998 1754 1312 1805 περιελαύνοντες
1332 1759 1451 1791 τοῦτο
1481 1756 1501 1791 ὅ
1522 1769 1561 1791 τι
1589 1756 1709 1802 ἔχοιεν
1739 1758 1904 1793 ἕκαστοι.

238 1851 326 1888 Quae
351 1849 448 1881 verba
472 1848 652 1890 simpliciter
675 1848 734 1880 hoc
760 1849 947 1891 significant:
980 1850 1145 1891 separatim
1177 1850 1256 1880 enim
1286 1849 1430 1881 tributum
1454 1849 1633 1891 exigebant,
1663 1848 1748 1891 quod
1772 1850 1905 1891 quihus-

237 1924 299 1956 que
332 1911 545 1954 imponebant,
585 1915 615 1943 et
652 1914 776 1953 praeter
811 1910 869 1943 hoc
904 1912 1045 1944 tributum
1083 1912 1373 1953 circumequitantes
1410 1912 1567 1954 rapiebant
1596 1912 1804 1954 quodcunque
1835 1914 1905 1944 sin-

236 1977 301 2020 guli
325 1976 493 2014 haberent,
524 1975 542 2006 i.
569 1984 595 2005 e.
620 1975 750 2015 primum
775 1976 854 2006 enim
878 1975 1020 2007 tributum
1045 1975 1213 2017 exigebant
1235 1975 1347 2016 cuique
1369 1975 1559 2017 impositum,
1583 1979 1645 2007 tum
1669 1979 1770 2008 autem
1793 1976 1901 2019 rapie-

235 2041 309 2072 bant
339 2049 467 2081 quoque
504 2037 653 2080 quidquid
688 2038 802 2079 singuli
839 2037 996 2070 haberent.
1051 2037 1216 2075 Quomodo
1248 2038 1398 2070 vocabulo
1434 2037 1547 2082 φόρος
1576 2042 1678 2071 utatur
1707 2039 1897 2080 Herodotus,

235 2113 275 2136 ne
308 2103 378 2145 quis
408 2102 542 2142 dubitet,
568 2100 711 2134 conferat
745 2101 798 2140 ΙΙΙ,
832 2100 992 2133 89-98.
1041 2101 1133 2139 Quod
1162 2101 1211 2133 hic
1241 2101 1346 2144 χωρὶς
1375 2102 1437 2134 τοῦ
1465 2100 1579 2147 φόρου
1607 2102 1733 2143 dicitur,
1763 2103 1833 2136 alibi
1857 2108 1905 2136 est

234 2165 342 2208 πάρεξ
365 2166 430 2197 τοῦ
452 2163 584 2207 φόρου,
611 2164 650 2195 cs.
675 2164 702 2203 Ι,
730 2164 802 2194 192.
850 2164 903 2203 ΙΙΙ,
937 2164 1008 2195 117.
1056 2165 1109 2204 ΙΙΙ,
1134 2164 1186 2195 97.
1233 2165 1280 2195 De
1303 2175 1361 2196 usu
1383 2165 1519 2197 adverbii
1543 2167 1651 2207 χωρὶς
1675 2166 1713 2198 cf.
1739 2167 1792 2207 ΙΙΙ,
1820 2167 1905 2199 127:

234 2230 343 2272 χωρὶς
373 2230 434 2270 μὲν
463 2226 530 2269 γάρ
561 2228 631 2260 τῶν
662 2225 830 2269 Περσέων
857 2225 966 2259 ἐκὲετο
996 2226 1040 2260 τὰ
1066 2226 1186 2266 ὀστέα,
1217 2225 1263 2265 ὡς
1290 2227 1465 2270 ἐχωρίσθη
1488 2228 1562 2261 κατ’
1588 2227 1721 2273 α’ρχοὶς,
1752 2228 1905 2273 ἑτέρωθι

232 2292 270 2326 δὲ
301 2293 371 2325 τῶν
402 2290 616 2333 Αἰγυπτίων.
666 2289 778 2321 Totum
812 2293 914 2320 autem
946 2289 1066 2321 dicendi
1098 2299 1201 2332 genus
1236 2290 1273 2321 ab
1305 2291 1381 2332 epici
1415 2293 1569 2324 sermonis
1602 2294 1693 2334 copia
1725 2293 1902 2334 profectum

231 2356 420 2389 simillimum
451 2358 499 2387 est
529 2358 560 2386 et
596 2352 824 2386 conferendum
858 2352 899 2384 illi
934 2352 985 2393 ΙΙΙ,
1018 2352 1078 2385 36:
1115 2352 1253 2391 κτείνεις
1289 2351 1348 2394 μὲν
1383 2350 1511 2397 ἄνδρας
1550 2356 1701 2389 σεωυτοῦ
1738 2355 1905 2396 πολιήτας

231 2419 280 2454 ἐπ’
305 2417 445 2461 οὐδεμιῇ
468 2417 561 2460 αἰτίῃ
595 2415 769 2459 ἀξιόχρεῳ
793 2414 896 2454 ἑλών,
926 2416 1065 2453 κτείνεις
1097 2415 1134 2448 δὲ·
1165 2415 1305 2457 παῖδας,
1338 2422 1367 2449 et
1391 2418 1459 2450 ibid.
1482 2419 1540 2451 καὶ
1574 2418 1646 2452 α’πὸ
1669 2420 1731 2461 μὲν
1755 2420 1907 2453 σεωυτὸν

232 2479 366 2520 ὤλεσας
401 2483 462 2521 τῆς
498 2481 650 2513 σεωυτοῦ
690 2477 857 2520 πατρίδος
893 2479 1005 2516 κακῶς
1041 2477 1210 2520 προστὰς,
1252 2478 1319 2512 ἀπὸ
1351 2479 1387 2513 δὲ
1417 2477 1546 2520 ὤλεσας
1587 2480 1710 2525 Κῦρον
1744 2482 1907 2525 πειθόμε-

233 2546 296 2579 νόν
321 2556 387 2579 σοι.

321 2608 453 2640 Librarii
477 2617 517 2639 eo
538 2607 660 2638 facilius
684 2608 715 2637 in
737 2615 880 2637 errorem
905 2609 974 2636 sunt
996 2605 1121 2644 inducti,
1146 2606 1229 2646 quod
1254 2606 1283 2637 in
1299 2608 1473 2647 posteriore
1493 2610 1640 2640 enuntiati
1665 2610 1804 2641 membro
1829 2619 1905 2649 par-

232 2672 355 2704 ticulam
388 2672 497 2714 χωρὶς
531 2681 600 2703 cum
630 2670 771 2714 genitivo
804 2668 1001 2711 conjunctam
1036 2667 1219 2709 cernebant,
1259 2678 1412 2712 quumque
1443 2669 1558 2715 φόρον
1591 2670 1808 2703 confudissent
1838 2679 1907 2701 cum

233 2733 370 2780 φόρων,
396 2737 643 2767 consentaneum
669 2736 736 2766 erat
759 2730 823 2764 τὸν
846 2732 957 2764 mutari
980 2732 1010 2763 in
1035 2730 1083 2764 τό.
1136 2730 1164 2764 0
1194 2735 1224 2763 et
1248 2744 1274 2764 ω
1297 2736 1356 2764 tam
1381 2735 1491 2767 crebro
1516 2738 1731 2776 permutantur
1755 2735 1785 2765 in
1810 2734 1907 2771 libris,
