2138 3107
1025 302 1100 358 Ἴ--12

241 430 350 458 utatur.
397 426 464 457 Nec
494 425 546 467 qui
582 426 709 458 obstare
738 426 883 458 videntur
906 426 965 458 loci
989 435 1052 457 non
1076 425 1167 457 facile
1191 423 1439 457 emendationem
1463 423 1633 456 admittunt.
1680 423 1717 455 Ut
1739 423 1821 465 apud
1844 424 1915 455 Xe-

241 489 430 531 nophontem
455 488 525 531 Cyr.
552 488 663 530 exped.
687 489 744 529 Vl,
769 490 806 529 2,
831 490 868 521 S:
895 488 1103 526 ἀκούσαντες
1125 487 1187 522 δὀἱ
1206 486 1441 528 ἸΙρακλεῶται
1465 486 1751 530 βουλεύεσθαι
1775 487 1916 531 ἔφασαν

243 553 310 594 jure
334 556 408 595 puto
435 552 513 584 alios
539 550 849 596 βουλεύσεσθαι
875 552 1016 584 edidisse.
1051 552 1247 593 Quapropter
1271 551 1336 582 veri
1362 550 1433 581 mihi
1457 551 1586 583 similius
1611 549 1733 582 videtur
1755 549 1805 581 hic
1829 559 1914 591 quo-

242 626 303 658 que
334 627 351 648 a
381 616 515 648 librariis
546 617 653 648 literas
683 617 752 648 soni
786 616 978 649 similitudine
1008 616 1196 657 propinquas
1228 615 1307 646 inter
1331 625 1367 645 se
1391 618 1522 647 mutatas
1547 624 1619 647 esse
1644 618 1674 646 et
1697 613 1913 656 reponendum

241 680 403 722 suspicor:
428 678 664 713 πείσεσθαι.
713 679 752 712 cs.
779 680 819 720 V,
848 679 906 711 39:
933 680 950 711 ο’
974 677 998 711 δ’
1024 677 1182 722 άμείβετο
1207 675 1280 722 φάς
1302 675 1436 710 τούτων
1455 676 1616 720 οὐδέτερα
1640 675 1809 717 ποιήσειν,
1832 677 1914 709 ἐκεί-

243 754 323 781 νους
347 753 383 775 τε
408 742 448 775 οὐ
473 743 587 780 καλῶς
612 741 850 786 συμβουλεύειν
873 744 1141 783 παραινέοντας,
1164 739 1226 781 τὴν
1249 743 1318 782 ἔχει
1342 742 1493 781 γυναῖκα
1515 742 1643 773 ἐοῦσαν
1668 739 1915 782 ἀναμάρτητον

241 808 358 848 ἑωυτῷ
380 806 510 846 ταύτην
534 806 666 840 α’πέντα
691 802 798 846 ἄλλην
821 805 1075 848 ἐσαγαγέσθαι·
1101 804 1182 838 οὐδέ
1202 814 1264 850 σφι
1288 803 1523 837 πείσεσθαι.

460 888 486 927 l,
512 887 593 919 204:

350 960 400 997 τά
435 962 504 1009 μὲν
541 960 589 1011 δή
625 964 724 1011 πρὸς
753 962 917 1012 ἑσπέρην
945 964 1013 1010 τῆς
1041 959 1260 1010 θαλάσσης
1288 958 1441 1010 ταύτης
1469 963 1541 1010 τῆς
1569 959 1756 1011 Κασπίης
1785 960 1913 997 καλεο-

351 1034 472 1084 μένης
502 1038 521 1069 ο
551 1032 765 1079 Καύκασος
794 1032 961 1084 ἀπέργει,
1002 1031 1050 1068 τά
1081 1032 1120 1068 δὲ
1152 1033 1251 1081 πρὸς
1279 1030 1333 1082 ἠῶ
1357 1046 1398 1067 τε
1427 1031 1491 1067 καὶ
1518 1031 1625 1082 ἥλιον
1653 1031 1912 1068 ἀνατέλλοντα

351 1106 487 1142 πεδίον
525 1106 717 1142 ἐκδέκεται
751 1107 904 1155 πλῆθος
939 1103 1095 1155 ἄπειρον
1133 1108 1172 1150 ες
1200 1103 1358 1147 ἄποψιν.
1414 1109 1487 1141 τοῦ
1522 1102 1570 1141 ὦν
1597 1103 1644 1155 ὃν]
1674 1106 1810 1142 πεδίου
1838 1110 1912 1142 τοῦ

350 1176 515 1225 μεγάλου
546 1177 615 1215 οὐκ
645 1179 849 1228 ἐλαχίστην
876 1184 1016 1226 μοῖραν
1045 1178 1248 1225 μετέχουσι
1287 1182 1323 1213 οί
1352 1178 1615 1223 ΒΙασσαγέται
1645 1179 1720 1214 κτλ.

334 1266 488 1299 Constans
511 1267 664 1300 Herodoti
687 1277 774 1308 usus,
799 1277 860 1309 quo
886 1267 914 1298 id
939 1268 1026 1309 cujus
1049 1266 1143 1298 modo
1169 1266 1242 1298 fecit
1262 1267 1458 1307 mentionem,
1481 1267 1533 1299 ubi
1557 1267 1595 1298 de
1621 1277 1659 1298 eo
1680 1277 1809 1300 narrare
1831 1279 1910 1311 per-

242 1329 297 1371 git,
321 1329 363 1361 ita
387 1333 533 1371 repetere
557 1330 648 1371 solet,
672 1334 706 1362 ut
728 1330 809 1362 idem
833 1339 944 1362 nomen
968 1340 1036 1361 cum
1057 1329 1300 1362 demonstrativo
1326 1323 1427 1367 οὗτος
1447 1330 1642 1372 conjunctum
1667 1334 1769 1372 ponat,
1795 1331 1821 1363 is
1845 1332 1911 1374 igi—

242 1396 292 1423 tur
316 1402 409 1432 usus,
435 1393 487 1434 qui
513 1393 667 1424 neminem
691 1393 799 1435 fugiat,
824 1394 875 1434 qui
899 1393 947 1424 vel
971 1403 1085 1434 paucas
1106 1392 1277 1424 Herodotei
1301 1393 1368 1423 libri
1392 1393 1529 1435 pagellas
1553 1393 1675 1436 legerit,
1698 1395 1729 1425 in
1752 1394 1801 1426 his
1825 1405 1910 1436 quo-

243 1465 306 1497 que
337 1455 461 1496 verbis,
496 1466 577 1498 quae
606 1466 700 1499 supra
730 1455 888 1496 dedimus,
924 1455 1196 1488 demonstrativum
1231 1455 1368 1497 requirit.
1415 1455 1615 1488 Scribendum
1649 1460 1697 1488 est
1732 1457 1826 1500 igitur
1859 1462 1910 1490 aut

241 1516 396 1550 τούτου
419 1512 467 1551 ὦν
491 1517 532 1559 δὴ
554 1520 618 1552 τοῦ
646 1518 763 1552 πεδίου
791 1520 853 1551 τοῦ
874 1518 1021 1561 μεγάλου
1052 1523 1103 1550 aut
1131 1520 1194 1551 τοῦ
1218 1512 1266 1551 ὧν
1290 1517 1330 1557 δὴ
1354 1518 1468 1550 πεδίου
1491 1518 1641 1552 τούτου
1663 1522 1726 1553 τοῦ
1746 1520 1907 1562 μεγάλου.

242 1581 305 1613 Sed
330 1591 425 1623 quum
449 1583 480 1614 in
505 1582 616 1614 codice
640 1583 673 1614 F.
701 1586 771 1614 ante
794 1581 910 1614 πεδίου
934 1583 1077 1614 articulus
1103 1586 1221 1621 exstet,
1247 1581 1361 1613 indicio
1385 1581 1445 1613 hoc
1469 1586 1517 1614 est
1540 1584 1751 1616 antecessisse
1775 1584 1909 1616 demon-

241 1645 419 1685 strativum,
453 1655 551 1687 quare
580 1645 653 1677 illud
682 1645 889 1687 praetulerim.
934 1645 1016 1677 Bene
1048 1646 1146 1677 sensit
1177 1645 1256 1677 hunc
1287 1654 1375 1676 usum
1399 1644 1560 1685 Reiskius,
1592 1656 1684 1687 quum
1709 1646 1734 1686 l,
1768 1646 1825 1685 84,
1859 1648 1910 1679 ubi

241 1708 372 1740 codices
397 1708 603 1740 exhibebant:
631 1709 649 1740 ὁ
674 1701 723 1741 ὦν
745 1705 786 1748 δὴ
805 1707 980 1749 Ὑροιάδης
1002 1707 1130 1746 αὐτὸς
1156 1709 1174 1740 ο’
1199 1706 1366 1750 Μάρδος,
1392 1707 1566 1740 emendavit
1589 1703 1685 1741 οὗτο
1695 1721 1720 1747 ς.

330 1770 455 1803 Excidit
477 1770 604 1804 τούτου
628 1775 658 1803 et
682 1771 753 1803 alibi
776 1771 965 1814 negligentia
988 1772 1194 1811 librariorum,
1218 1770 1301 1802 velut
1325 1771 1353 1802 in
1378 1771 1458 1803 bona
1483 1775 1569 1813 parte
1594 1771 1734 1804 codicum
1757 1773 1806 1811 111,
1833 1772 1910 1805 153:

239 1834 402 1867 ἐνθαῦτα
426 1835 571 1876 εἰκοστῷ
592 1835 670 1876 μηνὶ
695 1833 848 1876 Ζωπύρῳ
871 1835 918 1877 τῷ
940 1833 1150 1878 Μεγαβύζου
1181 1834 1334 1867 τούτου
1359 1831 1397 1871 ὃς
1419 1836 1489 1867 τῶν
1511 1833 1597 1868 ἑπτὰ
1621 1834 1755 1877 ἀνδρῶν
1777 1840 1909 1878 ἐγένετο

237 1898 308 1930 τῶν
331 1895 395 1930 τὸν
417 1895 534 1940 μάγον
550 1896 781 1936 κατελόντων,
805 1896 916 1940 τούτῳ
938 1898 984 1940 τῷ
1004 1896 1218 1940 Μεγαβύζου
1240 1896 1335 1929 παιδι
1355 1896 1508 1940 Ζωπύρῳ
1525 1900 1656 1940 ἐγένετο
1681 1903 1791 1941 τέρας,
1817 1911 1909 1942 quem

237 1960 341 1993 locum
372 1961 463 1992 etiam
496 1960 577 1992 hanc
608 1960 649 1992 ob
674 1970 799 1992 causam
830 1960 943 2000 affero,
976 1962 1045 2002 quia
1078 1962 1209 2003 optimas
1235 1960 1387 1993 editiones
1410 1961 1484 1993 vitio
1513 1962 1543 1993 in
1567 1961 1614 1993 his
1638 1962 1743 1994 verbis
1766 1963 1910 1997 laborare

236 2023 353 2055 video..
371 2023 494 2065 Quippe
519 2023 601 2066 fugit
624 2023 753 2054 criticos
777 2033 882 2054 veram
906 2023 1086 2065 scripturam
1111 2024 1148 2055 ab
1173 2033 1235 2055 uno
1262 2023 1290 2055 S.
1315 2025 1443 2055 servari.
1478 2024 1559 2055 Nihil
1584 2025 1664 2055 enim
1688 2027 1793 2058 verius
1818 2037 1908 2069 quam

236 2087 393 2118 constanti
424 2086 579 2119 Herodoti
611 2096 671 2118 usu
699 2085 897 2118 scribendum
928 2095 999 2118 esse
1026 2085 1181 2119 τούτου
1211 2087 1285 2118 τοῦ
1308 2085 1518 2129 Μεγαβύζου
1540 2086 1636 2119 παιδὶ
1660 2088 1696 2120 Ζ.
1741 2089 1818 2121 Nam
1848 2091 1908 2123 hoc

236 2149 324 2181 dicit:
358 2148 484 2192 Zopyro
507 2148 572 2181 filio
595 2148 765 2191 Megabyzi
789 2149 875 2190 ejus,
908 2149 959 2190 qui
982 2159 1059 2182 unus
1085 2159 1126 2181 ex
1150 2152 1270 2191 septem
1294 2148 1370 2180 viris
1393 2149 1463 2187 suit,
1496 2160 1513 2182 a
1537 2151 1648 2191 quibus
1672 2161 1782 2195 magus
1807 2154 1907 2186 inter-

235 2212 338 2244 sectus
369 2216 434 2252 est,
468 2212 578 2256 hujus,
611 2212 754 2253 inquam,
786 2211 952 2253 Megabyzi
984 2213 1044 2244 filio
1077 2212 1202 2255 Zopyro
1229 2211 1338 2254 obtigit
1362 2212 1544 2255 prodigium.
1591 2214 1713 2255 Repetit
1735 2216 1843 2258 igitur,
1876 2221 1908 2248 ut

234 2276 334 2316 solet,
367 2286 437 2308 cum
462 2276 492 2308 vi
516 2275 649 2318 quadam
673 2274 749 2307 illud
772 2283 904 2314 nomen,
937 2276 1016 2316 quod
1040 2276 1212 2318 interjectis
1244 2275 1348 2307 verbis
1372 2275 1402 2307 in
1425 2277 1603 2309 memoriam
1627 2280 1795 2311 revocavit.
1840 2280 1906 2313 Nec

233 2340 334 2383 potuit
357 2339 482 2372 dicere:
506 2338 595 2380 huic,
619 2339 761 2382 inquam,
785 2337 927 2381 Zopyro,
959 2349 1050 2381 quum
1075 2339 1113 2372 de
1138 2349 1177 2372 eo
1202 2348 1296 2382 supra
1320 2338 1392 2370 nihil
1416 2339 1587 2382 retulisset,
1613 2345 1643 2373 et
1667 2342 1693 2374 si
1716 2342 1776 2375 hoc
1800 2343 1906 2377 dicere

233 2404 403 2444 voluisset,
427 2404 566 2446 ineptum
589 2402 703 2437 fuisset
726 2401 843 2444 repeti:
866 2401 1030 2446 Megabyzi
1053 2404 1125 2435 filio.

322 2477 464 2509 Alterum
487 2485 591 2519 genus
617 2479 666 2508 est
690 2485 801 2507 eorum
825 2474 976 2515 locorum,
999 2487 1079 2519 quos
1104 2478 1141 2509 ab
1162 2486 1225 2509 uno
1251 2476 1389 2508 alterove
1410 2477 1602 2511 addubitatos
1626 2489 1699 2513 esse
1724 2480 1796 2523 dixi,
1820 2493 1906 2524 quo-

233 2549 301 2572 rum
325 2541 355 2572 in
380 2550 543 2573 numerum
567 2538 728 2572 referendi
752 2541 825 2571 sunt
848 2538 888 2570 hi⁴

449 2621 476 2662 1,
501 2621 540 2653 2:

343 2695 445 2732 οὕτω
467 2696 538 2742 μὲν
555 2694 653 2733 Ἰοῦν
681 2697 722 2741 ἐς
746 2695 949 2741 Αἴγυπτον
969 2694 1178 2733 ἀπικέσθαι
1200 2696 1350 2742 λέγουσι
1370 2691 1537 2742 Πέρσαι,
1564 2696 1635 2736 οὐκ
1655 2699 1701 2744 ὡς
1718 2699 1904 2749 Ἕλληνες.
