2138 3107
1034 323 1056 359 2

303 450 356 480 Est
386 453 486 481 autem
517 449 568 480 ille
599 458 691 489 quem
721 447 785 479 dixi
815 456 894 480 usus
924 445 1046 479 dicendi
1069 444 1270 480 Herodoteus
1299 449 1360 480 tam
1384 450 1490 480 certus
1513 450 1639 491 tamque
1664 448 1823 492 definitus,
1852 457 1886 486 ut

212 531 304 563 t'acile
328 531 443 572 liqueat
467 530 599 562 animum
624 528 813 570 advertenti,
843 528 940 561 sicubi
962 528 1013 560 vel
1034 527 1307 571 grammaticorum
1331 528 1515 560 commentis
1538 528 1590 560 vel
1611 529 1808 562 librariorum
1832 533 1884 564 in-

215 611 303 643 scitia
328 611 368 643 sit
392 610 582 643 obliteratus.
629 609 732 652 Atque
756 619 849 651 quum
879 612 951 641 nota
980 609 1018 640 sit
1041 612 1131 640 vetus
1161 609 1200 640 de
1224 608 1447 650 depravatione
1472 610 1578 650 operis
1602 610 1774 642 Herodotei
1798 622 1883 652 que-

216 693 297 732 rela,
332 692 416 733 quod
441 692 621 724 Guilielmus
645 691 822 723 Dindorfius
850 692 881 722 in
909 691 1164 723 commentatione
1194 689 1232 722 de
1263 689 1395 723 dialecto
1420 689 1571 724 Herodoti
1595 690 1636 724 de
1658 690 1884 725 vocabulorum

215 774 267 806 ille
291 773 417 816 quidem
440 773 550 806 formis
574 772 734 805 disserens
758 772 890 813 monuit,
920 771 999 804 idem
1030 771 1119 804 etiam
1147 771 1196 803 hic
1225 770 1401 803 faciendum
1425 775 1488 812 est,
1518 775 1552 803 ut
1580 781 1748 804 caveamus
1777 782 1794 804 a
1823 782 1885 804 su-

216 856 397 897 perstitiosa
426 855 569 887 codicum
597 854 788 894 reverentia,
819 854 931 896 quippe
949 832 1010 896 ¹qui
1040 863 1134 896 saepe
1164 853 1370 895 ineptissimas
1400 862 1453 885 res
1482 853 1515 885 in
1544 853 1681 886 medium
1711 854 1883 896 proferant,

216 937 267 970 ubi
291 937 365 979 quid
389 946 497 969 verum
522 936 562 968 sit
584 945 676 968 nemo
700 936 799 977 possit
823 935 970 967 dubitare.
1014 935 1091 967 Nam
1120 944 1228 967 eorum
1252 934 1374 977 quidem
1404 935 1499 976 ratio,
1530 934 1583 977 qui
1606 934 1801 968 fastidientes
1826 946 1882 968 ar-

216 1020 278 1049 tem
307 1018 461 1056 criticam,
493 1016 743 1058 quandoquidem
774 1016 863 1048 fuere
894 1017 945 1057 qui
973 1020 1089 1048 temere
1118 1026 1154 1048 ea
1185 1017 1273 1048 abusi
1300 1016 1514 1049 detrimentum
1544 1017 1642 1049 literis
1666 1017 1881 1059 importarent,

217 1097 339 1129 divinae
364 1098 421 1129 arti
446 1106 546 1139 prope
568 1097 657 1136 nihil,
682 1098 815 1138 scriptae
838 1097 948 1128 literae
971 1096 1072 1128 omnia
1095 1097 1246 1136 tribuunt,
1271 1106 1333 1128 non
1357 1097 1455 1140 magis
1479 1097 1645 1139 opitulatur
1667 1097 1765 1130 literis
1790 1108 1882 1140 quam

216 1179 301 1210 bono
338 1178 463 1220 publico
500 1177 680 1218 consulunt,
716 1178 781 1219 qui,
821 1177 1001 1210 effrenatam
1035 1177 1187 1209 licentiam
1223 1180 1257 1210 ut
1291 1180 1474 1218 coerceant,
1515 1178 1573 1220 ipsi
1605 1178 1737 1211 libertati
1770 1178 1880 1212 frenos

216 1259 366 1302 injiciunt.

308 1340 341 1371 In
364 1340 401 1372 iis
426 1349 507 1381 quae
527 1340 591 1382 Jam
615 1343 788 1380 sequuntur
818 1339 878 1370 hoc
902 1338 973 1371 mihi
996 1338 1053 1371 fuit
1075 1339 1284 1381 propositum,
1315 1343 1348 1371 ut
1372 1338 1521 1381 exemplis
1546 1348 1586 1371 ex
1609 1339 1707 1381 primo
1730 1339 1882 1373 Herodoti

217 1421 296 1453 libro
322 1420 513 1462 depromptis
538 1430 576 1452 ea
600 1429 682 1462 quae
705 1429 798 1461 supra
823 1420 1062 1452 commemoravi
1085 1429 1148 1451 non
1174 1419 1242 1451 sine
1266 1429 1361 1452 causa
1384 1429 1401 1451 a
1424 1429 1474 1452 me
1498 1419 1648 1462 disputata
1672 1430 1745 1453 esse
1770 1425 1882 1453 osten-

217 1501 342 1543 derem,
370 1504 484 1543 utque,
515 1501 605 1543 cujus
636 1501 798 1542 scriptoris
827 1500 961 1532 lectione
988 1500 1116 1532 mirifice
1140 1509 1266 1542 semper
1289 1500 1480 1541 delectabar,
1512 1501 1550 1533 ad
1574 1502 1643 1543 eJus
1667 1502 1839 1534 orationem
1863 1513 1881 1534 a

215 1582 316 1623 vitiis,
345 1582 458 1624 quibus
482 1581 582 1614 adhuc
607 1581 814 1621 deformatur,
846 1581 1058 1613 vindicandam
1081 1581 1210 1622 aliquid,
1243 1582 1269 1613 si
1293 1582 1360 1613 fieri
1390 1586 1513 1623 posset,
1533 1582 1719 1615 conferrem.
1764 1584 1881 1617 Placuit

216 1668 320 1697 autem
344 1673 484 1704 omnem,
508 1673 589 1705 quae
614 1667 662 1695 est
685 1663 826 1705 subjecta
849 1662 921 1695 huic
943 1662 1156 1705 disputationi,
1178 1663 1338 1695 materiam
1360 1662 1391 1695 in
1415 1662 1477 1695 duo
1502 1662 1641 1696 dividere
1664 1664 1773 1706 capita,
1797 1674 1882 1706 quo-

215 1755 284 1777 rum
315 1754 411 1777 unum
441 1745 608 1776 nonnullos
638 1745 729 1776 locos
761 1744 987 1785 complectitur,
1022 1753 1103 1786 quos
1134 1754 1229 1786 quum
1261 1744 1393 1777 vitiosos
1426 1753 1501 1777 esse
1528 1744 1769 1785 intellexissent,
1805 1754 1882 1777 cor-

214 1830 367 1858 rexerunt
398 1825 513 1865 critici,
548 1834 611 1857 non
643 1826 683 1857 ita
714 1829 832 1865 tamen,
867 1829 900 1857 ut
931 1834 987 1857 eos
1018 1829 1239 1867 persanarent;
1272 1825 1401 1857 alterum
1433 1825 1570 1857 continet
1601 1834 1710 1858 eorum
1740 1826 1882 1858 locorum

217 1907 372 1948 exempla,
396 1916 477 1948 quos
501 1910 553 1938 aut
575 1916 667 1938 nemo
692 1906 834 1946 tentavit,
858 1910 910 1939 aut
933 1907 959 1939 si
982 1906 1052 1948 quis
1075 1906 1158 1940 forte
1182 1905 1319 1940 nonnihil
1342 1905 1545 1947 addubitavit,
1569 1906 1679 1949 reliqui
1702 1906 1733 1939 in
1756 1906 1881 1950 vulgata

214 1988 442 2030 acquieverunt
464 1987 626 2029 scriptura.
