2138 3107
194 1054 327 1123 mlum
350 1087 545 1130 reperiuntur
568 1086 652 1129 iique
675 1096 734 1118 nec
757 1085 857 1118 laudis
880 1088 1111 1128 contemptores
1135 1095 1195 1118 nec
1218 1089 1356 1118 amantes
1380 1085 1535 1127 desidiae,
1567 1086 1620 1129 qui
1645 1086 1791 1118 miseram
1811 1085 1860 1118 his

194 1170 385 1211 temporibus
417 1178 490 1201 esse
521 1169 659 1200 dictitent
689 1167 875 1208 antiquitatis
909 1167 1081 1199 studiorum
1116 1167 1339 1208 conditionem,
1380 1178 1449 1200 cum
1478 1169 1518 1200 ob
1548 1169 1624 1200 alias
1655 1178 1769 1200 causas
1795 1172 1860 1199 tum

195 1255 359 1292 propterea
383 1249 467 1291 quod
489 1253 616 1280 veteres
641 1248 812 1289 scriptores
835 1247 877 1279 ita
901 1247 962 1279 sint
983 1248 1159 1289 pertractati
1179 1248 1241 1290 jam
1260 1259 1296 1280 ac
1319 1249 1532 1292 pervestigati,
1556 1252 1600 1290 ut,
1625 1249 1677 1290 qui
1698 1249 1859 1292 ingenium

195 1340 347 1363 exercere
371 1329 460 1370 velit,
490 1329 544 1361 vix
567 1338 629 1371 quo
654 1328 685 1360 id
708 1328 800 1360 faciat
822 1328 881 1360 sibi
903 1327 1005 1360 videat
1022 1328 1170 1360 relictum.
1216 1328 1245 1361 A
1268 1338 1399 1371 quorum
1423 1338 1485 1372 ego
1505 1329 1625 1372 Judicio
1650 1330 1761 1362 absum
1784 1330 1860 1361 lon-

195 1413 334 1454 gissime.
379 1411 457 1442 Nam
485 1411 516 1442 in
545 1410 705 1442 tritissimo
736 1418 863 1450 quoque
888 1409 984 1449 libro,
1016 1410 1083 1441 sive
1112 1419 1166 1441 res
1200 1414 1324 1451 spectes
1353 1411 1421 1442 sive
1449 1411 1561 1450 verba,
1595 1411 1665 1443 sive
1697 1411 1859 1452 interpre-

195 1492 277 1525 tandi
305 1492 457 1524 rationem
486 1491 554 1523 sive
586 1490 758 1532 scripturae
787 1490 995 1534 integritatem
1025 1490 1200 1531 examines,
1234 1500 1337 1532 neque
1367 1490 1469 1522 omnia
1500 1491 1642 1532 reperias
1675 1491 1752 1523 satis
1784 1491 1859 1523 illu—

197 1577 307 1612 strata,
342 1576 372 1605 et
400 1571 566 1614 permulta,
598 1570 683 1603 velut
711 1574 800 1603 extra
829 1580 951 1604 omnem
979 1570 1197 1604 dubitationem
1225 1571 1342 1613 posita,
1372 1571 1464 1604 unius
1488 1571 1619 1615 alicujus
1643 1573 1861 1605 auctoritatem

196 1657 324 1686 secutos
349 1652 487 1685 editores
511 1661 621 1685 omnes
645 1652 734 1694 quasi
757 1662 815 1694 per
836 1661 945 1685 manus
967 1650 1075 1685 tradita
1097 1661 1245 1685 servasse
1269 1652 1407 1693 mireris,
1430 1655 1464 1685 ut
1486 1655 1603 1685 tantum
1627 1652 1717 1694 absit,
1742 1655 1776 1685 ut
1795 1653 1861 1696 Jam

197 1736 233 1767 ad
264 1736 356 1767 finem
384 1735 578 1778 pervenerit,
608 1737 641 1766 ut
670 1733 737 1774 diu,
768 1734 796 1766 si
822 1733 883 1766 deo
911 1733 1026 1776 placet,
1057 1732 1202 1766 duratura
1231 1734 1271 1766 sit
1297 1733 1374 1766 haec
1403 1733 1453 1766 vel
1483 1733 1659 1776 explicandi
1682 1734 1734 1767 vel
1762 1734 1861 1767 resti-

195 1817 302 1850 tuendi
326 1826 431 1858 opera.

285 1895 377 1934 Quod
409 1895 448 1928 ad
478 1894 671 1928 Herodotum
704 1896 826 1937 attinet,
864 1905 955 1938 quem
985 1904 1059 1928 esse
1086 1895 1179 1937 paulo
1209 1895 1338 1938 amplius
1366 1904 1458 1937 quam
1488 1895 1604 1928 bonum
1633 1895 1719 1928 illum
1750 1905 1862 1929 senem

195 1977 315 2009 fabulas
338 1977 445 2018 pueris
468 1979 658 2016 narrantem,
683 1975 782 2017 qualis
806 1980 878 2009 ante
900 1976 1082 2016 habebatur,
1113 1985 1214 2018 nuper
1236 1974 1359 2009 demum
1383 1979 1431 2008 est
1453 1978 1669 2018 perspectum,
1693 1976 1755 2009 viri
1777 1975 1864 2010 docti

195 2057 287 2100 huJus
311 2057 420 2089 aetatis
444 2056 504 2088 dici
531 2056 585 2088 vix
612 2059 717 2098 potest
744 2060 892 2098 quantum
919 2057 950 2088 in
978 2056 1099 2099 legibus
1129 2056 1250 2088 dialecti
1275 2057 1402 2098 jonicae
1430 2055 1614 2099 indagandis
1638 2056 1732 2089 studii
1756 2057 1863 2090 collo-

196 2138 335 2170 caverint
358 2141 566 2179 quantumque
588 2136 780 2179 profecerint
802 2136 840 2169 ad
863 2137 1018 2177 tenebras,
1042 2136 1153 2178 quibus
1176 2136 1255 2168 haec
1278 2137 1405 2169 materia
1427 2136 1566 2169 involuta
1589 2146 1665 2169 esse
1688 2137 1864 2178 videbatur,

196 2218 422 2261 dispellendas,
446 2222 538 2262 atque
561 2221 594 2251 ut
617 2217 716 2251 dicam
739 2217 823 2261 quod
847 2218 965 2259 sentio,
994 2220 1045 2250 aut
1068 2217 1170 2250 omnia
1193 2227 1244 2250 me
1266 2217 1373 2250 fallunt
1397 2221 1448 2250 aut
1472 2218 1532 2250 erit
1554 2226 1631 2250 mox
1655 2218 1709 2261 qui
1729 2218 1864 2252 adhibita

196 2301 315 2344 majore
339 2301 370 2333 in
394 2310 433 2333 eo
457 2309 576 2344 genere
597 2298 811 2342 aequabilitate
840 2303 871 2332 et
894 2298 1065 2332 constantia
1087 2298 1178 2331 nobis
1206 2302 1324 2342 patrem
1347 2298 1496 2331 historiae
1520 2308 1579 2332 suo
1604 2300 1736 2343 proprio
1760 2300 1866 2334 habitu

197 2381 343 2413 nitentem
368 2381 520 2413 exhibeat.
566 2380 677 2422 Neque
704 2388 783 2412 vero
811 2379 896 2421 quod
925 2379 965 2412 de
993 2379 1141 2420 dialecto,
1173 2379 1255 2412 idem
1284 2380 1324 2412 de
1352 2390 1472 2423 genere
1496 2381 1649 2414 orationis
1674 2385 1706 2413 et
1729 2391 1789 2414 usu
1813 2382 1865 2414 di—

196 2460 288 2494 cendi
310 2460 490 2494 Herodoteo
513 2463 618 2503 potest
639 2458 821 2502 praedicari.
872 2458 906 2492 In
929 2468 992 2503 quo
1017 2459 1076 2493 etsi
1098 2459 1229 2503 plurima
1252 2464 1339 2494 recte
1362 2459 1438 2493 vidit
1459 2460 1626 2504 primarius
1650 2461 1715 2503 vir,
1748 2460 1866 2495 Imma-

197 2543 269 2575 nuel
292 2542 469 2582 Bekkerus,
499 2551 643 2584 quaeque
672 2540 870 2575 subnascenti
897 2540 1025 2584 ingenio
1050 2540 1233 2575 adminicula
1256 2541 1403 2583 fuissent,
1437 2542 1475 2575 ab
1499 2551 1539 2575 eo
1563 2542 1614 2576 cui
1637 2542 1713 2576 nihil
1736 2543 1870 2578 deesset

197 2626 234 2656 ad
264 2625 395 2656 nominis
425 2625 473 2656 sui
502 2623 625 2655 laudem
653 2624 877 2664 praeoccupari
899 2623 996 2655 voluit
1025 2623 1166 2664 fortuna,
1195 2624 1276 2656 haud
1298 2634 1397 2665 pauca
1419 2628 1523 2657 tamen
1547 2629 1600 2657 aut
1622 2624 1775 2668 sugerunt
1799 2628 1870 2669 ejus

197 2707 399 2748 sagacitatem
423 2709 474 2737 aut
497 2705 639 2738 codicum
663 2706 844 2747 scripturam
867 2704 1013 2737 maluisse
1037 2714 1166 2737 servare
1189 2704 1342 2747 putandus
1367 2709 1425 2737 est.

1393 2777 1405 2808 1
