2138 3107
1092 288 1135 325 11

386 416 523 456 ἐοῦσα,
558 412 759 462 αἰδεομένη
795 410 891 457 τούς
919 413 1072 459 τοκέας,
1110 410 1210 451 οὕτω
1240 413 1287 463 δή
1317 413 1533 465 ἐθελοντήν
1561 414 1688 465 αὐτὴν
1716 421 1822 452 τοῖσι
1854 416 1950 452 Φοί-

387 485 455 530 νιξι
487 485 766 529 συνεκπλῶσαι,
795 484 843 530 ὡς
871 482 918 520 ἄν
944 483 997 535 μή
1024 484 1241 537 κατάδηλος
1269 488 1433 537 γένηται.

367 574 425 606 Per
448 574 520 606 1111111
545 573 655 606 mirum
678 582 803 616 semper
825 574 924 607 visum
949 578 996 607 est
1020 576 1170 608 neminem
1193 575 1345 609 offensum
1371 586 1444 609 esse
1468 577 1566 609 verbo
1591 576 1833 620 αἰδεομένη,
1866 587 1948 620 quae

277 639 304 669 si
330 648 403 670 vera
428 639 580 679 scriptura
604 640 706 677 esset,
738 637 945 680 negligentiae
969 640 1085 671 crimen
1109 643 1244 671 mereret
1267 639 1460 680 Herodotus,
1492 650 1583 682 quam
1607 644 1727 683 gratam
1752 650 1827 672 esse
1852 649 1945 672 nemo

278 702 367 734 facile
397 701 607 742 contenderit,
643 710 744 744 neque
773 701 871 743 ipsum
899 706 1005 744 gratae
1028 702 1237 746 negligentiae
1261 703 1354 736 hodie
1380 703 1545 745 quidquam
1576 704 1659 736 valet
1682 704 1866 736 subsidium.
1915 703 1946 737 Si

278 765 372 797 verba
405 765 579 797 accuratius
611 764 827 807 perpenderis,
862 768 957 798 totam
987 766 1169 798 sententiam
1200 776 1346 798 sermone
1375 767 1500 809 obliquo
1533 767 1685 799 enuntiari
1710 766 1884 811 intelliges,
1915 771 1945 799 et

277 830 420 869 quamvis
444 830 560 860 variata
585 830 624 860 sit
653 830 750 860 oratio
775 831 917 870 opposito
942 830 1080 861 membro
1104 840 1161 871 per
1184 828 1231 866 ὡς
1255 831 1433 871 subjuncto,
1466 832 1497 861 in
1520 831 1648 870 reliquis
1673 835 1776 861 tamen
1800 831 1839 861 ad
1863 841 1945 869 eum,

277 901 339 934 quo
370 895 482 934 coepta
512 895 573 931 est,
606 891 728 923 modum
759 890 868 932 rediri,
900 891 981 924 unde
1011 901 1073 924 non
1102 891 1269 932 dubitabiS‚
1303 892 1375 934 quin
1405 902 1421 924 a
1444 892 1604 934 participio
1630 891 1826 935 αἰδεομένη,
1859 892 1943 935 quod

277 964 402 986 causam
434 955 529 996 fugae
560 954 686 993 indicat,
717 955 838 995 incipiat
869 954 1016 996 apodosis
1049 955 1150 995 sitque
1182 954 1255 986 illud
1285 955 1477 997 jungendum
1511 964 1581 986 cum
1605 959 1759 996 sequente
1782 956 1943 987 infinitivo.

276 1017 343 1050 Hoc
367 1018 393 1050 si
417 1027 523 1050 verum
548 1020 605 1057 est,
629 1017 810 1049 necessario
835 1016 1048 1049 scribendum:
1074 1015 1330 1059 αὶδεομένην.
1378 1017 1474 1055 Quam
1498 1018 1698 1050 mutationem
1723 1028 1815 1050 nemo
1840 1018 1942 1051 auda-

276 1081 393 1112 ciorem
412 1080 543 1119 habebit,
568 1080 619 1120 qui
643 1080 839 1122 cognoverit,
864 1089 954 1121 quam
979 1089 1073 1120 saepe
1097 1079 1212 1110 librarii
1236 1080 1266 1110 in
1290 1079 1416 1121 syllabis
1440 1080 1606 1111 verborum
1631 1081 1799 1122 postremis
1823 1090 1942 1123 pecca—

275 1145 382 1175 verint.
430 1143 553 1184 Operae
582 1143 713 1184 pretium
744 1146 793 1174 est
823 1142 901 1174 hanc
933 1153 998 1174 rem
1029 1142 1182 1174 nonnullis
1210 1142 1364 1174 illustrare
1395 1143 1553 1184 exemplis.
1600 1143 1628 1183 1,
1664 1142 1742 1183 134,
1775 1144 1827 1175 ubi
1859 1154 1941 1175 nunc

276 1210 360 1238 recte
392 1205 520 1248 legitur:
552 1203 746 1246 νομίζοντες
773 1203 921 1242 ἑωυτούς
948 1202 1038 1237 εἶναι
1067 1203 1266 1246 ἀνθρώπων
1293 1205 1412 1247 μακρῷ
1434 1202 1479 1237 τὰ
1501 1204 1617 1237 πάντα
1647 1204 1827 1247 ἀρίστους,
1860 1205 1941 1243 τούς

273 1269 309 1300 δὲ
341 1265 468 1304 ἄλλους
499 1266 589 1299 κατα
619 1268 727 1308 λόγον
758 1266 831 1299 τὸν
869 1267 1094 1308 λεγόμενον
1124 1268 1181 1305 τῆς
1207 1267 1328 1307 αρετῆς
1360 1267 1590 1307 ἀντέχεσθαι,
1625 1268 1694 1299 libri
1718 1278 1810 1299 manu
1835 1269 1942 1309 scripti

274 1341 400 1364 omnes
430 1329 576 1363 exhibent
597 1329 651 1372 τῷ
677 1328 895 1372 λεγομένῳ.
943 1329 969 1370 Ι,
995 1328 1038 1362 38
1069 1339 1126 1372 pro
1156 1328 1416 1374 διεφθαρμένον
1444 1329 1513 1371 τὴν
1542 1329 1674 1371 οὶκοήν
1698 1330 1727 1364 S.
1751 1331 1800 1371 τῆ
1824 1330 1939 1371 ακοῆ.

273 1395 307 1434 ΙΙ,
331 1394 376 1425 40
398 1403 455 1434 1110
480 1391 632 1432 ταύτην
655 1394 802 1434 ἔρχομαι
824 1395 927 1433 ἐρέων
950 1393 981 1423 F.
999 1391 1135 1431 ταύτῃ.
1175 1392 1225 1431 ΙΙΙ,
1251 1392 1309 1423 75:
1335 1391 1523 1434 ἀρξάμενος
1547 1392 1602 1426 ἀπ’
1626 1393 1849 1435 Ἀχαιμένεος
1871 1398 1941 1435 ἐγε-

274 1457 452 1498 νεηλόγησε
478 1455 539 1496 τὴν
567 1452 713 1497 πατριὴν
740 1453 801 1495 τήν
832 1452 968 1497 Κύρου,
999 1455 1086 1497 μετὰ
1113 1453 1150 1488 δὲ
1180 1452 1228 1492 ὡς
1257 1458 1290 1493 ἐς
1313 1455 1461 1488 τοῦτον
1484 1454 1626 1498 κατέβη,
1658 1456 1824 1489 τελευτῶν
1848 1457 1940 1499 ἔλεγε

272 1519 339 1552 δ’σα
368 1517 494 1560 α’γαθά
524 1515 643 1559 Κῦρος
675 1517 818 1559 Πέρσας
845 1518 1029 1556 πεποιήκοι.
1062 1518 1203 1559 plerique
1231 1519 1366 1549 τοῦτο.
1413 1518 1440 1557 1,
1475 1517 1555 1549 148:
1579 1518 1781 1551 πεπόνθασι
1803 1518 1841 1552 δὲ
1864 1516 1940 1552 οὔτι

271 1582 397 1623 μοῦναι
427 1582 463 1613 αἱ
489 1579 610 1613 Ἰώνων
639 1580 737 1622 ὁρταὶ
764 1581 882 1619 τοῦτο,
915 1577 1004 1612 α’λλὰ
1034 1580 1092 1612 καὶ
1110 1578 1287 1619 Ἑλλήνων
1309 1579 1449 1612 πάντων
1473 1581 1599 1622 ὁμοίως
1626 1581 1738 1613 πᾶσαι
1766 1584 1801 1618 ἐς
1828 1581 1939 1614 τώυτὸ

274 1643 413 1687 γράμμα
431 1642 649 1675 τελευτῶσι
665 1640 816 1685 κατάπερ
840 1642 909 1674 τῶν
928 1642 1093 1684 Περσέων
1116 1641 1162 1675 τὰ
1183 1641 1371 1685 οὐνόματα.
1402 1642 1497 1686 vulgo
1520 1642 1778 1676 τελευτῶσαι.
1809 1644 1832 1685 Ι,
1859 1643 1939 1677 193;

275 1711 437 1748 χρέονται
466 1705 502 1738 δὲ
530 1704 629 1738 οὐδὲν
657 1705 760 1747 ἐλαίῳ
792 1704 863 1737 ἀλλ’
892 1708 928 1737 ἐκ
951 1706 1021 1737 τῶν
1044 1704 1208 1747 σησάμων
1230 1707 1460 1745 ποιεῦνται,
1484 1706 1536 1738 11111
1559 1715 1640 1737 unus
1665 1706 1695 1738 S.
1720 1710 1839 1738 rectam
1864 1717 1939 1739 ser—

275 1770 356 1802 vavit
379 1769 573 1810 scripturam,
598 1767 707 1809 reliqui
729 1767 946 1804 ποιεῦντες.
988 1766 1040 1807 ΙΙΙ,
1067 1766 1125 1799 16:
1149 1766 1188 1800 τὸ
1215 1761 1264 1800 ὧν
1285 1768 1486 1801 κατακαίειν
1508 1767 1589 1805 τούς
1614 1767 1753 1809 νεκροὺς
1777 1767 1939 1811 οὐδαμῶς

274 1836 311 1864 ἐν
348 1833 440 1873 νόμῳ
470 1828 673 1872 οὐδετέροισί
704 1832 789 1868 ἐστι,
819 1829 974 1872 Πέρσῃσι
1000 1830 1063 1872 μὲν
1091 1828 1132 1861 δι’
1156 1827 1238 1873 ὅπερ
1261 1829 1407 1872 ε’ίρηται,
1439 1830 1517 1873 θεῷ
1538 1830 1580 1862 οὐ
1602 1829 1739 1862 δίκαιον
1762 1829 1855 1863 εἶναι
1878 1832 1937 1865 λε’-

273 1903 392 1936 γουσι
417 1897 524 1935 νέμειν
548 1891 666 1934 νεκρὸν
690 1890 894 1933 ιίνθρώπου.
925 1892 1065 1933 plerique
1090 1896 1120 1924 et
1148 1893 1169 1924 ii
1193 1894 1299 1934 optimi
1322 1893 1535 1934 λέγοντες,
1568 1903 1664 1934 quare
1688 1893 1873 1934 videndum,
1899 1904 1939 1926 ne

274 1956 347 1989 illud
371 1964 497 1998 quoque
520 1954 694 1997 λέγοντες,
718 1952 802 1996 (111οᾱ
826 1957 874 1986 est
896 1954 924 1995 Ι,
952 1953 1005 1996 51,
1030 1953 1337 1999 (Λακεδαιμονίων
1359 1954 1525 2002 φαμένων
1548 1953 1638 1988 εἶναι
1662 1954 1853 1999 α’νοίθημα,
1877 1957 1939 1990 οὐκ

274 2019 395 2062 ὀρθῶς
417 2017 633 2060 λέγοντες)
657 2027 720 2049 11011
743 2027 760 2049 a
784 2027 875 2049 manu
898 2019 1059 2060 scriptoris
1083 2019 1122 2050 sit
1144 2018 1328 2060 profectum.
1357 2018 1539 2060 Eodemque
1562 2018 1656 2050 modo
1681 2023 1863 2060 suspectum
1887 2021 1940 2052 vi-

275 2082 365 2114 detur
388 2081 472 2123 quod
494 2080 588 2123 vulgo
612 2080 726 2123 legitur
748 2079 805 2120 lv,
834 2078 896 2111 36:
925 2079 958 2113 οἳ
979 2079 1141 2113 Ὠκεανόν
1169 2091 1205 2113 τε
1234 2080 1358 2123 ῥέοντα
1381 2079 1556 2126 γράφουσι
1578 2079 1674 2124 πέριξ
1690 2078 1757 2122 ’τὴν
1780 2082 1845 2124 γῆν
1868 2084 1941 2116 ἐοῦ-

276 2154 342 2178 σαν
364 2144 565 2185 κυκλοτερέα
587 2140 633 2180 ὡς
656 2140 724 2175 ἀπὸ
748 2143 891 2183 τόρνου,
915 2142 974 2174 καὶ
996 2141 1058 2182 τὴν
1077 2141 1187 2182 Ἀσίην
1210 2144 1252 2185 τῇ
1272 2141 1425 2185 Ἐυρώπῃ
1449 2141 1681 2175 ποιεύντων
1704 2142 1790 2183 ἴσην.

362 2207 409 2239 De
434 2206 530 2238 altero
554 2205 643 2245 vitio,
668 2203 751 2246 quod
773 2203 848 2236 latet
870 2206 900 2236 in
924 2204 1028 2236 verbis
1053 2214 1133 2246 quae
1157 2214 1251 2247 supra
1277 2205 1517 2247 exscripsimus,
1542 2204 1621 2236 infra
1646 2204 1776 2237 dicetur.

487 2277 514 2317 Ι,
540 2276 619 2308 156:
1281 2314 1284 2318 ¹

381 2342 515 2390 Κῦρος
544 2340 586 2376 δὲ
615 2339 755 2390 ἡσθεὶς
783 2343 832 2393 τῇ
859 2338 1045 2393 ὑποθήκῃ
1075 2339 1140 2376 καὶ
1160 2340 1272 2386 ὑπεὶς
1299 2344 1371 2391 τῆς
1400 2342 1516 2391 ὀργῆς
1544 2340 1615 2392 ἔφη
1648 2345 1685 2378 οί
1705 2341 1939 2379 πείθεσθαι.

363 2421 433 2452 Non
464 2430 592 2462 possum
620 2421 692 2452 mihi
719 2421 927 2462 persuadere,
959 2421 1169 2461 Herodotum,
1200 2422 1252 2454 11111
1276 2422 1380 2453 futuro
1404 2421 1491 2453 locus
1516 2425 1618 2461 esset,
1643 2431 1795 2463 praesens
1820 2432 1941 2464 ponere

275 2483 431 2523 maluisse,
455 2483 636 2525 praesertim
659 2491 753 2525 quum
777 2493 836 2515 una
855 2487 966 2514 mutata
983 2483 1070 2515 litera
1090 2485 1244 2515 communi
1264 2483 1479 2515 consuetudini
1498 2487 1609 2526 posset
1629 2483 1822 2517 satisfacere.
1847 2485 1941 2519 Aliud

275 2551 324 2580 est
348 2548 427 2580 enim
450 2546 598 2579 inducere
622 2546 754 2588 aliquem
777 2547 970 2589 loquentem,
995 2546 1075 2579 aliud
1100 2547 1223 2580 referre
1246 2547 1319 2590 quid
1343 2539 1451 2589 aliquis
1476 2546 1598 2579 dixerit.
1645 2547 1699 2580 Ille
1721 2548 1826 2581 vivida
1850 2554 1943 2584 utens

275 2612 417 2643 oratione
446 2619 663 2652 nonnunquam
695 2610 735 2642 ita
764 2610 915 2652 loquitur,
948 2614 980 2642 ut
1008 2609 1039 2642 id
1069 2610 1152 2652 quod
1177 2610 1281 2643 facere
1305 2611 1423 2654 cogitet
1446 2614 1599 2653 tamquam
1622 2620 1778 2653 praesens
1802 2617 1833 2645 et
1858 2615 1943 2656 quod

272 2675 334 2716 jam
364 2675 415 2707 liat
444 2662 683 2712 commemorem
715 2674 766 2715 qui
789 2674 902 2714 refert,
931 2674 982 2714 vix
1006 2673 1066 2706 hoc
1089 2674 1147 2706 sihi
1171 2676 1278 2714 sumit,
1311 2678 1344 2706 ut
1373 2674 1550 2716 praesentis
1567 2674 1724 2707 infinitivo
1754 2685 1813 2718 pro
1838 2677 1943 2711 futuro

1456 2737 1507 2769 2-1(-
