2138 3107
1062 307 1108 342 10

245 432 389 462 rodotum
413 440 587 472 pronomen
606 430 886 462 demonstrativum
910 431 950 462 ita
973 440 1136 471 usurpare,
1161 434 1194 462 ut
1217 440 1286 462 cuin
1307 430 1436 461 relativo
1461 430 1543 461 nulia
1567 430 1728 471 interjecta
1751 438 1832 460 voce
1857 439 1920 461 non

246 496 313 526 sine
346 495 478 536 quadam
510 495 541 526 vi
575 495 755 537 conjungat.
802 495 923 535 Itaque,
959 494 1077 526 etiamsi
1108 493 1210 526 nullus
1242 493 1321 525 liber
1352 493 1519 536 genuinam
1553 497 1695 525 servaret
1726 492 1921 534 scripturam,

246 558 368 590 τοῦτο
394 556 421 588 6‘
439 568 477 589 τι
500 566 559 600 pro
583 556 697 600 τούτῳ
722 556 749 589 δ’
766 568 798 589 τι
823 557 844 597 l,
870 557 913 588 50
936 556 1147 599 reponendum
1171 556 1261 587 soret.
1303 555 1450 598 Idemque
1475 555 1670 588 scribendum
1695 555 1743 595 111,
1770 553 1842 594 138,
1868 555 1918 586 ubi

248 622 276 652 in
301 622 445 652 omnibus
470 621 540 653 sere
564 621 761 660 editionibus,
779 621 969 652 Bekkeriana
993 629 1118 661 quoque
1143 624 1174 651 et
1191 619 1400 659 Dindorfiana,
1426 630 1589 661 perperam
1613 620 1658 651 sic
1682 619 1814 661 legitur:
1841 619 1858 650 ό
1883 617 1920 650 δὲ

247 683 327 717 α’ντὶ
351 683 486 718 τούτων
510 686 647 728 ἑτοῖμος
669 677 711 725 ἦν
734 683 871 717 διδόναι
893 681 1024 726 τούτῳ
1049 681 1076 715 δ’
1094 694 1126 715 τι
1151 681 1312 726 βούλοιτο
1337 682 1453 721 αὐτός.

336 747 437 779 Lubet
461 747 508 779 his
533 757 614 789 quae
639 747 737 779 adhuc
761 748 957 779 tractavimus
982 747 1174 788 subjungere
1198 745 1295 784 aliud,
1333 746 1416 787 quod
1441 747 1548 788 paucis
1572 747 1677 778 verbis
1702 746 1919 788 transigamus.

410 822 437 859 1,
465 821 546 851 146:

360 874 521 920 Ίόύτιιῗν
557 881 604 934 δή
641 883 763 920 εἵνεκα
799 882 860 920 καὶ
898 887 934 920 οι’
962 880 1080 928 Ἴωνες
1119 880 1285 919 δυώδεκα
1315 881 1451 928 πόλιας
1480 881 1733 933 ἐποιήσαντο,
1763 881 1844 918 ἐπεὶ
1873 881 1920 927 ὥς

357 957 398 1000 γε’
423 969 462 991 τι
490 956 632 1003 μᾶλλον
661 950 771 992 οὗτοι
792 953 912 1000 Ἴωνές
941 957 1011 990 εἰσι
1040 959 1113 990 τῶν
1140 953 1258 990 ἄλλων
1284 953 1411 990 Ἰώνων
1449 969 1472 1003 7)
1502 953 1651 990 κάλλιόν
1679 968 1717 990 τι
1746 956 1918 999 γεγόνασι

354 1028 480 1077 μωρίη
510 1026 628 1076 πολλή
651 1028 802 1072 ,λε’γειν,
840 1030 915 1063 τῶν
945 1025 1117 1071 Ἄβαντες
1154 1026 1222 1073 μὲν
1265 1026 1302 1070 εξ
1331 1024 1506 1077 Εὐβοίης
1536 1025 1610 1063 εἰσὶ
1640 1025 1709 1063 οὐκ
1738 1027 1915 1076 ἐλαχίστῃ

355 1104 487 1149 μοῖρα,
517 1105 621 1135 τοῖσι
637 1097 779 1149 Ἰωνίης
801 1099 899 1147 μέτα
928 1096 1013 1134 οὐδὲ
1042 1101 1115 1134 τοῦ
1146 1096 1365 1146 οὐνόματος
1394 1097 1517 1143 οὐδέν,
1546 1096 1699 1135 111ινύαι
1729 1098 1769 1134 ὸέἶ·
1790 1097 1919 1149 Ὀρχο-

356 1172 480 1218 μένιοι
509 1169 788 1218 ἀναμεμίχαται
817 1170 877 1206 καὶ
902 1170 1086 1217 Καδμεῖοι
1117 1169 1176 1205 καὶ
1205 1169 1383 1220 Δρύοπες
1413 1171 1472 1207 καὶ
1502 1172 1654 1215 Φωκέες
1683 1169 1916 1217 ἀποδάσμιοι

358 1242 418 1278 καὶ
449 1242 657 1278 ,Μολοσσοὶ
686 1242 747 1279 καὶ
767 1240 941 1291 Ἀρκάδες
969 1241 1164 1287 ΙΙελασγοὶ
1194 1241 1255 1278 καὶ
1285 1243 1447 1300 Δυζριὲες
1470 1241 1728 1293 Ἐπιδαύριοι,
1758 1240 1847 1278 ἄλλα
1876 1256 1918 1278 τε

358 1313 478 1352 ἔθνεα
515 1311 635 1352 πολλὰ
671 1312 967 1363 ἀναμεμίχαται·
1006 1316 1043 1350 σι’
1086 1313 1126 1350 δὲ
1164 1312 1291 1350 αὐτῶν
1331 1313 1407 1352 ἀπὸ
1445 1317 1521 1352 τοῦ
1559 1316 1803 1366 πρυτανῃϊου
1845 1318 1917 1350 του

349 1386 566 1436 Ἀθηναίων
596 1388 838 1435 ὁρμηθέντες
867 1387 927 1422 καὶ
956 1388 1178 1434 νομίζοντες
1208 1387 1469 1432 γενναιότατοι
1498 1386 1593 1423 εἶναι
1617 1386 1762 1430 Ἰώνων,
1807 1383 1915 1423 οὗτοι

358 1458 400 1495 δὲ
430 1457 477 1495 οὐ
507 1464 690 1504 γυναῖκας
718 1456 904 1508 ἠγάγοντο
936 1461 975 1504 ἐς
1002 1457 1073 1509 τὴν
1101 1457 1281 1509 ἀποικίην
1309 1457 1398 1495 ἄλλα
1426 1459 1595 1507 Καείρας
1623 1459 1736 1507 ἔσχον
1765 1459 1840 1496 κτλ.

339 1547 423 1579 Libri
439 1547 588 1579 exhibent
605 1556 715 1578 omnes
730 1546 764 1580 ’O
772 1558 790 1588 ρ
793 1559 843 1587 χο
850 1547 1028 1589 μενίοισι
1039 1572 1047 1587 ,
1073 1547 1157 1589 quod
1172 1557 1265 1589 quum
1282 1557 1411 1589 pravum
1428 1557 1501 1579 esse
1520 1552 1693 1590 appareret,
1717 1557 1826 1579 omnes
1847 1548 1917 1579 vdi-

250 1614 337 1642 tores
362 1610 506 1641 Palmerii
531 1609 779 1641 emendationem
803 1619 954 1651 recepere
978 1620 1038 1641 non
1064 1611 1101 1641 ab
1126 1611 1209 1641 omni
1233 1614 1336 1651 parte,
1370 1611 1495 1652 opinor,
1519 1621 1633 1642 veram.
1679 1611 1834 1642 Habemus
1859 1611 1918 1642 hoc

248 1674 320 1706 loeo
352 1673 424 1705 inde
456 1684 473 1705 a
502 1674 687 1715 pronomine
717 1674 787 1705 τῶν
816 1673 998 1705 sententiam
1027 1684 1068 1705 ex
1097 1674 1193 1705 tribus
1226 1674 1372 1705 membris
1401 1676 1608 1713 constantem,
1641 1683 1772 1715 quorum
1796 1674 1919 1705 nonnisi

247 1737 380 1778 primum
403 1736 533 1767 relativa
558 1735 770 1767 enuntiatione
795 1735 959 1775 formatur,
985 1736 1156 1767 secundum
1181 1740 1211 1767 et
1234 1737 1366 1775 tertium,
1391 1746 1484 1777 quum
1508 1746 1599 1768 casus
1624 1736 1704 1767 illius
1729 1737 1919 1777 pronominis

248 1809 313 1830 non
337 1802 493 1840 congruat
516 1808 586 1830 cum
610 1799 648 1829 iis
672 1808 753 1839 quae
778 1802 967 1839 sequuntur,
997 1800 1037 1830 ita
1060 1799 1281 1841 subjiciuntur,
1305 1803 1337 1830 ut
1362 1809 1424 1829 non
1448 1800 1535 1840 primi
1558 1799 1608 1830 fiat
1632 1800 1837 1839 continuatiO,
1863 1799 1918 1830 sed

247 1862 380 1893 solutam
406 1865 437 1893 et
460 1861 606 1900 liberam,
631 1864 664 1892 ut
687 1860 729 1893 ita
753 1860 867 1900 dicam,
891 1860 998 1892 sedem
1021 1861 1188 1893 obtineant.
1234 1860 1302 1893 Jam
1326 1860 1454 1903 primum
1479 1864 1509 1893 et
1530 1864 1719 1904 postremum
1744 1871 1833 1894 sumn
1858 1862 1917 1894 ha·-

246 1925 320 1956 bent
342 1933 536 1965 pronomen,
562 1923 647 1965 quod
671 1927 792 1965 spectet
815 1923 854 1955 ad
876 1923 985 1963 Iones,
1009 1923 1142 1955 medium
1167 1933 1206 1955 eo
1231 1927 1331 1963 caret,
1361 1934 1453 1965 quum
1477 1928 1559 1956 tanto
1584 1926 1683 1967 magis
1708 1929 1809 1967 egeat,
1834 1926 1917 1966 quod

247 1992 278 2019 et
301 1988 398 2019 altera
423 1991 472 2019 est
496 1997 620 2019 annexa
644 1987 743 2028 primo
767 1986 907 2019 membro
939 1987 1105 2019 enuntiatio
1137 1986 1266 2019 relativa
1293 1990 1323 2019 et
1351 1987 1479 2020 verbum
1504 1986 1759 2031 ἀναμεμίχαται
1783 1988 1916 2022 dativum

246 2050 412 2082 desiderat.
461 2050 582 2087 Quibus
607 2050 714 2081 causis
738 2049 892 2089 adducor,
920 2053 954 2081 ut
977 2050 1006 2080 in
1030 2053 1176 2090 corrupta
1200 2049 1341 2081 codicum
1365 2052 1514 2091 scriptura
1537 2061 1709 2092 pronomen
1733 2052 1830 2084 latere
1855 2063 1917 2093 pu-

245 2118 306 2145 tem
331 2112 595 2155 scribendumque
619 2112 878 2155 Ὀρχομένιοί
902 2122 975 2158 σφι
997 2122 1053 2154 pro
1077 2112 1337 2155 Ὀρχομενίοισι.

954 2235 1121 2281 caput
1144 2235 1219 2271 11.

330 2337 399 2370 Hoc
424 2337 454 2369 in
479 2337 580 2380 capite
604 2336 776 2376 disseram,
807 2335 1066 2377 quemadmodum
1095 2345 1189 2378 supra
1219 2336 1297 2376 dixi,
1332 2336 1370 2368 de
1399 2337 1579 2379 quibusdam
1608 2338 1686 2370 locis
1715 2343 1767 2371 aut
1790 2341 1916 2372 omnino

242 2413 303 2434 non
327 2403 453 2434 tentatis
478 2405 531 2434 aut
554 2402 593 2433 ab
616 2411 681 2433 uno
707 2401 850 2433 alterove
872 2403 990 2432 tantum
1014 2399 1207 2432 addubitatis.
1254 2400 1369 2432 Prioris
1393 2403 1517 2443 generis
1542 2407 1613 2435 sunt
1637 2403 1688 2444 qui
1713 2409 1894 2446 sequuntur.

402 2483 430 2524 1,
455 2483 475 2514 5
500 2483 570 2515 libri
594 2486 625 2513 et
649 2481 723 2513 editi
749 2485 780 2513 et
804 2481 911 2523 scripti
936 2481 1013 2512 haec
1036 2481 1168 2512 habent:

349 2548 453 2597 Περὶ
489 2548 530 2585 δὲ
565 2551 639 2598 τῆς
671 2546 769 2593 Ἰοῦς
806 2544 878 2583 οὐκ
909 2546 1157 2594 ὁμολογέουσι
1184 2546 1364 2599 Πέρσῃσι
1395 2547 1495 2585 οὕτω
1526 2550 1727 2597 Φοίνικες·
1767 2550 1815 2588 ού
1845 2550 1915 2600 γάρ

349 2622 502 2673 ἁρπαγῇ
539 2621 659 2673 σφέας
692 2619 966 2670 χρησαμένους
1000 2619 1150 2665 λέγουσι
1187 2616 1339 2663 ἀγαγεῖν
1365 2618 1487 2671 αὐτὴν
1516 2624 1555 2668 ἐς
1583 2623 1805 2669 Αἴγυπτον,
1843 2622 1914 2659 ἇλϊ

350 2694 397 2738 ὡς
427 2695 467 2729 έν
495 2697 549 2742 τῷ
568 2691 690 2744 Ἄργει·
719 2692 898 2742 ἐμίσγετο
928 2695 982 2740 τῷ
1002 2689 1199 2741 ναυκλήρῳ
1220 2692 1291 2740 τῆς
1319 2693 1422 2738 νεὸς,
1451 2694 1531 2731 ἐπεὶ
1560 2695 1603 2733 δὲ
1630 2695 1754 2743 ἔμαθε
1783 2695 1917 2740 ἔγκυος
