2138 3107
456 412 480 450 l,
506 410 566 442 93:

349 475 509 524 ‘'²“'4‘0‘w
529 474 569 512 δὲ·
598 477 643 524 ι”ἲ
664 473 791 524 Λυδίη
824 476 864 520 ἐς
887 474 1112 527 συγγραφήν
1134 475 1180 514 ού
1205 475 1307 525 μάλα
1329 477 1415 524 ἔχει,
1445 474 1507 513 οῑά
1535 488 1577 513 τε
1599 474 1663 513 καὶ
1682 473 1772 526 ἄλλη
1802 450 1917 526 κῶἇη.

329 565 360 597 1η
384 564 467 597 nullo
493 573 594 604 neque
620 563 737 604 scripto
763 572 867 604 neque
893 563 977 596 edito
1002 560 1271 599 libro‘intercedit
1294 565 1442 599 articulus
1467 566 1546 598 inter
1568 566 1610 607 γῆ
1634 568 1664 597 et
1686 563 1812 605 Λυδίη,
1836 574 1918 597 unus

242 628 401 661 Bekkerus
426 636 513 659 more
537 634 595 658 suo
620 625 775 666 breviter,
803 635 925 667 nonne,
951 627 1059 669 inquit,
1082 629 1125 670 γῆ
1148 626 1168 669 νὴ
1192 628 1329 669 Audin?
1360 628 1429 666 Quo
1454 628 1553 672 magis
1578 613 1779 670 ιιιίτοῆᾳιιίᾱ
1802 636 1919 660 causae

240 694 295 731 sit,
319 691 402 732 quod
427 690 604 721 Dindorlius
630 690 659 720 id
685 689 769 729 quod
795 700 872 721 usus
898 691 1051 722 Herodoti
1076 693 1257 723 necessario
1282 693 1417 733 postulat
1440 702 1503 723 non
1527 693 1711 733 reposuerit.
1757 691 1918 753 διῃρῆσ-

240 756 299 787 deo
323 766 389 786 rem
414 753 567 795 exemplis
593 753 797 793 confirmare,
830 764 925 795 quum
950 755 1010 786 hoc
1031 756 1095 798 jam
1127 766 1144 787 a
1168 755 1325 787 Bredovio
1350 755 1463 787 factum
1488 756 1543 795 sit,
1574 766 1666 797 quem
1689 763 1798 787 verum
1821 752 1918 786 intel-

239 819 357 851 lexisse
385 816 527 862 gaudeo,
561 816 601 849 cf
631 816 702 860 ejus
733 816 800 849 libr.
832 828 860 860 p
891 816 944 850 84.
992 817 1054 850 Sed
1083 829 1123 850 ne
1153 819 1221 861 quis
1253 818 1394 850 codicum
1419 822 1555 861 opponat
1578 819 1807 860 auctoritatem,
1831 817 1919 851 haud

239 884 275 914 ab
299 893 334 913 re
359 882 439 914 duco
466 881 637 913 ostendere
662 881 735 912 nihil
761 892 836 912 csse
862 881 1059 923 frequentius
1083 893 1174 924 quam
1198 882 1330 913 omissas
1356 893 1372 913 a
1395 882 1528 913 librariis
1546 886 1674 925 propter
1694 882 1836 914 similium
1860 865 1920 914 so-

238 957 347 979 norum
376 947 518 978 viciniam
550 946 680 978 voculas
714 946 766 977 vel
798 943 944 988 Syllabas.
992 946 1089 989 Igitur
1112 947 1138 985 1,
1166 945 1229 977 174
1252 950 1324 988 post
1347 945 1461 977 verba:
1494 943 1646 978 οἰκέουσι
1675 945 1712 979 δὲ
1735 947 1793 979 καὶ
1819 941 1919 979 ἄλλοι

236 1010 294 1042 καὶ
318 1008 613 1052 Λακεδαιμονίων
644 1003 787 1042 ἄποικοι
818 1006 973 1041 Κνίδιοι
1002 1008 1093 1041 deest
1121 1008 1281 1041 codicibus
1310 1008 1471 1041 relativum
1495 1007 1548 1048 οἳ,
1579 1018 1642 1050 quo
1666 1009 1807 1051 reposito
1831 1009 1919 1041 Bek-

236 1074 332 1106 kerus
356 1076 456 1105 totum
480 1073 650 1105 verborum
676 1072 839 1112 ambitum,
869 1082 963 1113 quum
988 1076 1059 1104 ante
1084 1073 1238 1104 obscurus
1263 1075 1348 1104 esset
1372 1075 1403 1103 et
1425 1070 1606 1114 perplexus,
1683 1072 1839 1124 integqm
1862 1081 1921 1105 re-

237 1137 403 1175 stituit;1‚
431 1136 494 1167 185
521 1140 591 1167 ante
616 1137 730 1167 verba:
756 1132 864 1167 ἄλλα
889 1135 925 1167 δὲ
950 1135 1173 1180 α’φαιρημένα
1198 1131 1305 1167 ἄστεα
1330 1136 1481 1173 αὐτοῖσι,
1505 1080 1678 1174 suffic&
1669 1135 1745 1167 καὶ
1768 1132 1832 1175 τὴν
1853 1134 1920 1168 Νί-

239 1211 301 1232 ιον
326 1200 443 1230 excidit
468 1199 555 1231 ἀλλ’
581 1209 599 1230 a
623 1199 769 1229 Bckkero
795 1202 973 1238 receptumg
1003 1199 1045 1237 11,
1078 1199 1116 1229 31
1145 1199 1240 1239 vulgo
1265 1199 1442 1238 legebatur:
1465 1195 1571 1238 πάρεξ
1593 1198 1658 1229 τοῦ
1688 1200 1726 1229 ἐν
1749 1196 1920 1239 Αἰγύπτῳ

238 1263 438 1305 ῥεύματος·
470 1257 590 1304 οὗτοι
614 1262 682 1304 γὰρ
708 1261 979 1304 συμβαλλομένῳ
1002 1263 1105 1302 μῆνες
1126 1260 1340 1302 εὑρίσκονται
1364 1261 1432 1292 κτλ.
1462 1261 1519 1292 sed
1538 1262 1603 1302 jam
1626 1260 1773 1293 Reiskius
1799 1260 1920 1292 viderat

238 1337 297 1368 pro
329 1320 427 1358 οὗτοι
459 1325 659 1357 scribendum
685 1335 760 1357 csse
783 1325 992 1357 τοσοῦτοι.
1037 1324 1106 1363 Vll,
1130 1323 1172 1355 95
1198 1325 1228 1355 in
1251 1324 1373 1356 verbis:
1403 1325 1436 1356 οἱ
1458 1322 1494 1356 δὲ
1517 1323 1642 1357 λοιποὶ
1671 1326 1707 1356 ἐκ
1734 1310 1800 1356 τοῦ
1821 1322 1920 1370 Ildu-

239 1402 302 1423 του
327 1390 594 1432 στρατευόμενοι
619 1392 708 1421 recte
733 1389 773 1421 οἱ
797 1391 869 1420 ante
892 1390 928 1421 ἐκ
952 1388 1083 1420 inseruit
1107 1386 1357 1430 Wesselingius3
1387 1386 1442 1426 lX,
1468 1386 1525 1428 76,
1550 1387 1601 1419 ubi
1624 1386 1719 1429 vulgo
1744 1385 1917 1419 secundum

238 1453 370 1485 codices
400 1453 580 1495 legebatur:
613 1450 854 1494 κοσμησαμένη
885 1451 1002 1493 χρυσῷ
1025 1450 1142 1492 πολλῷ
1169 1451 1228 1482 καὶ
1252 1448 1336 1490 αὐτὴ
1364 1450 1420 1482 καὶ
1450 1449 1658 1494 ἀμφίπολοι,
1691 1450 1770 1481 inter
1792 1450 1864 1482 καὶ
1889 1453 1919 1481 et

239 1515 436 1561 ἀμφίπολοι
464 1515 644 1558 ponendum
674 1524 749 1546 esse
779 1515 820 1547 αἱ
850 1514 967 1556 primus
996 1513 1148 1544 intellexit
1172 1512 1334 1552 Reiskius3
1367 1513 1393 1551 1,
1420 1512 1481 1544 179
1506 1514 1534 1544 in
1558 1513 1679 1544 verbis:
1713 1511 1919 1556 ὀρύσσοντες

240 1577 313 1623 ἅμα
337 1578 399 1619 τὴν
423 1577 563 1622 τάφρον
587 1577 798 1611 ἐπλίνθευον
821 1575 883 1618 τὴν
912 1577 975 1619 γῆν
1003 1579 1040 1609 ἐκ
1068 1577 1132 1608 τοῦ
1155 1574 1350 1619 ὀρύγματος
1372 1574 1601 1619 ἐκφερομένην
1624 1575 1688 1608 duo
1710 1579 1826 1608 tantum
1850 1575 1921 1610 libri

239 1642 310 1684 την
333 1646 406 1685 post
429 1643 504 1684 γῆν
528 1645 744 1673 servaverant.
793 1640 855 1672 Sed
881 1641 958 1671 haec
981 1640 1140 1671 hactenus,

458 1724 485 1762 l⁷
514 1723 594 1754 165:

347 1790 450 1837 πρὸς
486 1788 527 1825 δὲ
557 1786 734 1839 ταύτῃσι
770 1785 831 1822 καὶ
859 1783 1010 1834 μύδρον
1048 1783 1228 1834 σιδήρεον
1256 1783 1556 1821 κατεπόντωσαν
1592 1783 1656 1821 καὶ
1684 1782 1837 1833 εἷ’μοσαν
1865 1782 1918 1835 μή

348 1860 441 1911 πρὶν
470 1863 511 1906 ἐς
541 1860 732 1909 Φωκαίην
762 1859 865 1908 ἥξειν
893 1857 985 1907 πρὶν
1017 1855 1039 1906 ἢ
1067 1857 1138 1892 τὸν
1165 1853 1319 1904 μύδρον
1346 1859 1489 1892 τοῦτον
1516 1855 1721 1907 ἀναφῆναι.

330 1951 475 1983 Omnium
505 1951 656 1981 librorum
687 1950 873 1989 scripturam
903 1946 1121 1989 α’ναφῆναι
1151 1945 1262 1976 merito
1287 1945 1412 1977 Reiskio
1443 1950 1620 1986 suspectam
1649 1946 1675 1977 si
1699 1947 1768 1986 quis
1792 1946 1920 1978 defendi

243 2024 338 2056 posse
362 2017 484 2056 putaret
507 2013 575 2045 illo:
601 2012 642 2045 τὸ
669 2010 789 2045 Δέλτα
817 2010 938 2044 νεωστὶ
964 2009 1188 2051 ἀναπεφηνός
1213 2006 1281 2050 (11,
1309 2007 1391 2051 15),
1416 2008 1590 2048 falleretur,
1613 2018 1707 2049 quum
1731 2009 1838 2041 aoristi
1862 2009 1920 2041 alia

245 2078 283 2109 sit
305 2078 383 2109 ratio
407 2081 499 2119 atque
521 2076 664 2119 perfecti.
710 2074 773 2107 Sed
798 2083 903 2115 neque
926 2073 1043 2105 Reiskii
1068 2073 1251 2114 conjectura
1276 2069 1503 2113 ἀναφανῆναι
1525 2080 1627 2112 neque
1651 2071 1734 2112 quod
1757 2071 1920 2104 Bekkerus

245 2141 433 2183 suspicatur,
463 2139 653 2180 ἀναδῦναι,
678 2138 804 2171 videtur
826 2137 998 2180 probabile.
1047 2136 1160 2168 Vitium
1184 2134 1289 2177 potius
1312 2133 1386 2166 latet
1408 2134 1438 2165 in
1462 2143 1522 2166 una
1539 2127 1633 2166 'litera
1656 2137 1686 2166 et
1709 2134 1921 2167 scribendum:

245 2203 467 2248 ἀναβῆναι.
501 2204 552 2237 Sic
578 2214 596 2235 e
614 2202 774 2235 contrario
792 2200 828 2241 11,
854 2199 917 2232 127
937 2210 993 2243 pro
1017 2199 1222 2245 Χεφρῆνα
1246 2197 1276 2230 S.
1300 2197 1334 2229 V.
1359 2195 1592 2239 Χεβρηίνα,
1618 2197 1668 2236 ΙΧ,
1687 2196 1729 2229 93
1750 2206 1807 2239 pro
1825 2199 1924 2239 πρό-

244 2277 385 2312 φαντα
410 2267 439 2300 S.
465 2268 498 2299 V.
523 2268 599 2300 Vall.
625 2264 828 2310 πρόβατα.
