<?xml version="1.0" encoding="UTF-8"?>
<!DOCTYPE html PUBLIC "-//W3C//DTD XHTML 1.0 Transitional//EN"
    "http://www.w3.org/TR/xhtml1/DTD/xhtml1-transitional.dtd">
<html xmlns="http://www.w3.org/1999/xhtml" xml:lang="en" lang="en">
 <head>
  <title>
</title>
<meta http-equiv="Content-Type" content="text/html;charset=utf-8" />
  <meta name='ocr-system' content='tesseract 3.04.00' />
  <meta name='ocr-capabilities' content='ocr_page ocr_carea ocr_par ocr_line ocrx_word'/>
</head>
<body>
  <div class='ocr_page' id='page_1' title='image "./4626141_0017.png"; bbox 0 0 2138 3107; ppageno 0'>
   <div class='ocr_carea' id='block_1_1' title="bbox 1095 302 1118 338">
    <p class='ocr_par' dir='ltr' id='par_1_1' title="bbox 1095 302 1118 338">
     <span class='ocr_line' id='line_1_1' title="bbox 1095 302 1118 338; baseline 0 0"><span class='ocrx_word' id='word_1_1' title='bbox 1095 302 1118 338; x_wconf 92' lang='lat'><strong>9</strong></span> 
     </span>
    </p>
   </div>
   <div class='ocr_carea' id='block_1_2' title="bbox 1035 352 1213 356">
    <p class='ocr_par' dir='ltr' id='par_1_2' title="bbox 1035 352 1213 356">
     <span class='ocr_line' id='line_1_2' title="bbox 1035 352 1213 356; baseline 0 0"><span class='ocrx_word' id='word_1_2' title='bbox 1035 352 1213 356; x_wconf 95' lang='lat' dir='ltr'><em> </em></span> 
     </span>
    </p>
   </div>
   <div class='ocr_carea' id='block_1_3' title="bbox 268 424 1943 2786">
    <p class='ocr_par' dir='ltr' id='par_1_3' title="bbox 271 424 1943 912">
     <span class='ocr_line' id='line_1_3' title="bbox 272 424 1943 468; baseline 0 -10"><span class='ocrx_word' id='word_1_3' title='bbox 272 431 320 466; x_wconf 89' lang='lat' dir='ltr'><em>ut,</em></span> <span class='ocrx_word' id='word_1_4' title='bbox 346 427 372 458; x_wconf 87' lang='lat' dir='ltr'><em>si</em></span> <span class='ocrx_word' id='word_1_5' title='bbox 397 435 477 467; x_wconf 85' lang='lat' dir='ltr'>opus</span> <span class='ocrx_word' id='word_1_6' title='bbox 503 428 599 464; x_wconf 83' lang='lat' dir='ltr'>esset,</span> <span class='ocrx_word' id='word_1_7' title='bbox 623 433 826 466; x_wconf 80' lang='lat' dir='ltr'><strong>permagnam</strong></span> <span class='ocrx_word' id='word_1_8' title='bbox 851 424 1064 466; x_wconf 83' lang='lat' dir='ltr'>exemplorum</span> <span class='ocrx_word' id='word_1_9' title='bbox 1088 427 1207 467; x_wconf 88' lang='lat' dir='ltr'>copiam</span> <span class='ocrx_word' id='word_1_10' title='bbox 1231 435 1357 467; x_wconf 85' lang='lat' dir='ltr'>possem</span> <span class='ocrx_word' id='word_1_11' title='bbox 1381 435 1568 468; x_wconf 85' lang='lat' dir='ltr'>congerere,</span> <span class='ocrx_word' id='word_1_12' title='bbox 1593 427 1649 458; x_wconf 85' lang='lat' dir='ltr'>sed</span> <span class='ocrx_word' id='word_1_13' title='bbox 1673 427 1712 458; x_wconf 85' lang='lat' dir='ltr'>ad</span> <span class='ocrx_word' id='word_1_14' title='bbox 1736 436 1802 458; x_wconf 88' lang='lat' dir='ltr'>rem</span> <span class='ocrx_word' id='word_1_15' title='bbox 1827 427 1943 459; x_wconf 85' lang='lat' dir='ltr'>sufficit</span> 
     </span>
     <span class='ocr_line' id='line_1_4' title="bbox 272 486 1940 534; baseline 0.001 -12"><span class='ocrx_word' id='word_1_16' title='bbox 272 490 350 522; x_wconf 86' lang='lat' dir='ltr'>haec</span> <span class='ocrx_word' id='word_1_17' title='bbox 381 492 547 521; x_wconf 77' lang='lat' dir='ltr'>enotasse:</span> <span class='ocrx_word' id='word_1_18' title='bbox 580 488 606 528; x_wconf 83' lang='lat'><em>1,</em></span> <span class='ocrx_word' id='word_1_19' title='bbox 639 486 704 519; x_wconf 89' lang='lat'><em>114</em></span> <span class='ocrx_word' id='word_1_20' title='bbox 733 487 917 530; x_wconf 87' lang='lat' dir='ltr'>optimorum</span> <span class='ocrx_word' id='word_1_21' title='bbox 946 487 1088 521; x_wconf 86' lang='lat' dir='ltr'>codicum</span> <span class='ocrx_word' id='word_1_22' title='bbox 1119 489 1271 532; x_wconf 84' lang='lat' dir='ltr'>scriptura</span> <span class='ocrx_word' id='word_1_23' title='bbox 1303 492 1351 522; x_wconf 86' lang='lat' dir='ltr'><em>est</em></span> <span class='ocrx_word' id='word_1_24' title='bbox 1378 490 1458 522; x_wconf 80' lang='grc' dir='ltr'><em>τῶν</em></span> <span class='ocrx_word' id='word_1_25' title='bbox 1485 487 1523 523; x_wconf 80' lang='grc' dir='ltr'><em>δέ</em></span> <span class='ocrx_word' id='word_1_26' title='bbox 1551 489 1614 523; x_wconf 89' lang='grc' dir='ltr'><em>κου’</em></span> <span class='ocrx_word' id='word_1_27' title='bbox 1638 500 1717 523; x_wconf 88' lang='grc' dir='ltr'><em>τινα</em></span> <span class='ocrx_word' id='word_1_28' title='bbox 1741 489 1859 524; x_wconf 79' lang='grc' dir='ltr'><em>αὐτῶν</em></span> <span class='ocrx_word' id='word_1_29' title='bbox 1882 501 1940 534; x_wconf 88' lang='lat' dir='ltr'><em>pro</em></span> 
     </span>
     <span class='ocr_line' id='line_1_5' title="bbox 272 551 1939 594; baseline 0 -8"><span class='ocrx_word' id='word_1_30' title='bbox 272 553 346 586; x_wconf 89' lang='grc' dir='ltr'><em>τὸν</em></span> <span class='ocrx_word' id='word_1_31' title='bbox 370 552 407 585; x_wconf 78' lang='grc' dir='ltr'><em>δέ</em></span> <span class='ocrx_word' id='word_1_32' title='bbox 427 552 489 584; x_wconf 83' lang='grc' dir='ltr'><em>κού</em></span> <span class='ocrx_word' id='word_1_33' title='bbox 513 562 593 584; x_wconf 91' lang='grc' dir='ltr'><em>τινα</em></span> <span class='ocrx_word' id='word_1_34' title='bbox 617 551 743 584; x_wconf 78' lang='grc' dir='ltr'><em>αὐτῶν.</em></span> <span class='ocrx_word' id='word_1_35' title='bbox 791 552 858 591; x_wconf 91' lang='lat' dir='ltr'>Vll,</span> <span class='ocrx_word' id='word_1_36' title='bbox 885 552 940 592; x_wconf 87' lang='grc'><em>10,</em></span> <span class='ocrx_word' id='word_1_37' title='bbox 969 552 992 583; x_wconf 91' lang='grc'>4</span> <span class='ocrx_word' id='word_1_38' title='bbox 1015 562 1072 594; x_wconf 86' lang='lat' dir='ltr'><em>pro</em></span> <span class='ocrx_word' id='word_1_39' title='bbox 1096 552 1157 586; x_wconf 87' lang='grc' dir='ltr'><em>τὸν</em></span> <span class='ocrx_word' id='word_1_40' title='bbox 1181 552 1350 594; x_wconf 81' lang='grc' dir='ltr'><em>σύλλογον</em></span> <span class='ocrx_word' id='word_1_41' title='bbox 1373 552 1494 585; x_wconf 87' lang='grc' dir='ltr'><em>τόνδε</em></span> <span class='ocrx_word' id='word_1_42' title='bbox 1518 552 1685 586; x_wconf 77' lang='grc' dir='ltr'><em>διάλυσον</em></span> <span class='ocrx_word' id='word_1_43' title='bbox 1708 554 1737 585; x_wconf 83' lang='lat' dir='ltr'><em>S.</em></span> <span class='ocrx_word' id='word_1_44' title='bbox 1764 555 1798 586; x_wconf 79' lang='lat' dir='ltr'><em>V.</em></span> <span class='ocrx_word' id='word_1_45' title='bbox 1825 555 1939 587; x_wconf 86' lang='lat' dir='ltr'>habent</span> 
     </span>
     <span class='ocr_line' id='line_1_6' title="bbox 271 613 1938 660; baseline 0.001 -10"><span class='ocrx_word' id='word_1_46' title='bbox 271 616 334 650; x_wconf 83' lang='grc' dir='ltr'><em>τὸν</em></span> <span class='ocrx_word' id='word_1_47' title='bbox 359 615 529 659; x_wconf 81' lang='grc' dir='ltr'><em>σύλλογον</em></span> <span class='ocrx_word' id='word_1_48' title='bbox 552 613 680 648; x_wconf 86' lang='grc' dir='ltr'><em>τῶνδε</em></span> <span class='ocrx_word' id='word_1_49' title='bbox 702 614 730 647; x_wconf 90' lang='grc' dir='ltr'><em>δ.</em></span> <span class='ocrx_word' id='word_1_50' title='bbox 762 614 829 656; x_wconf 85' lang='lat' dir='ltr'>Vll,</span> <span class='ocrx_word' id='word_1_51' title='bbox 855 614 895 648; x_wconf 87' lang='lat'><em>13</em></span> <span class='ocrx_word' id='word_1_52' title='bbox 928 626 983 658; x_wconf 84' lang='lat' dir='ltr'><em>pro</em></span> <span class='ocrx_word' id='word_1_53' title='bbox 1006 615 1309 659; x_wconf 79' lang='grc' dir='ltr'><em>μεταδεδογμένον</em></span> <span class='ocrx_word' id='word_1_54' title='bbox 1332 616 1363 649; x_wconf 92' lang='lat' dir='ltr'><em>F.</em></span> <span class='ocrx_word' id='word_1_55' title='bbox 1386 615 1709 660; x_wconf 85' lang='grc' dir='ltr'><em>μεταδεδογμένων.</em></span> <span class='ocrx_word' id='word_1_56' title='bbox 1757 618 1783 658; x_wconf 84' lang='lat'><em>1,</em></span> <span class='ocrx_word' id='word_1_57' title='bbox 1818 617 1877 651; x_wconf 93' lang='lat'><em>111</em></span> <span class='ocrx_word' id='word_1_58' title='bbox 1907 623 1938 651; x_wconf 86' lang='lat' dir='ltr'><em>et</em></span> 
     </span>
     <span class='ocr_line' id='line_1_7' title="bbox 275 674 1939 722; baseline 0.002 -11"><span class='ocrx_word' id='word_1_59' title='bbox 275 681 337 712; x_wconf 82' lang='lat'><em>115</em></span> <span class='ocrx_word' id='word_1_60' title='bbox 362 682 390 711; x_wconf 91' lang='lat' dir='ltr'><em>in</em></span> <span class='ocrx_word' id='word_1_61' title='bbox 415 681 463 711; x_wconf 83' lang='lat' dir='ltr'>lin.</span> <span class='ocrx_word' id='word_1_62' title='bbox 488 680 614 722; x_wconf 86' lang='lat' dir='ltr'>vulgata</span> <span class='ocrx_word' id='word_1_63' title='bbox 637 679 728 710; x_wconf 90' lang='lat' dir='ltr'>lectio</span> <span class='ocrx_word' id='word_1_64' title='bbox 753 683 801 710; x_wconf 88' lang='lat' dir='ltr'><em>est</em></span> <span class='ocrx_word' id='word_1_65' title='bbox 824 674 899 711; x_wconf 81' lang='grc' dir='ltr'><em>ὦδε</em></span> <span class='ocrx_word' id='word_1_66' title='bbox 922 690 979 722; x_wconf 87' lang='lat' dir='ltr'><em>pro</em></span> <span class='ocrx_word' id='word_1_67' title='bbox 1004 678 1079 712; x_wconf 85' lang='grc' dir='ltr'><em>ὅδε.</em></span> <span class='ocrx_word' id='word_1_68' title='bbox 1127 682 1161 721; x_wconf 88' lang='lat' dir='ltr'><em>ll,</em></span> <span class='ocrx_word' id='word_1_69' title='bbox 1189 681 1231 711; x_wconf 86' lang='lat'><em>99</em></span> <span class='ocrx_word' id='word_1_70' title='bbox 1255 682 1285 711; x_wconf 90' lang='lat' dir='ltr'><em>in</em></span> <span class='ocrx_word' id='word_1_71' title='bbox 1309 681 1431 712; x_wconf 83' lang='lat' dir='ltr'>verbis:</span> <span class='ocrx_word' id='word_1_72' title='bbox 1456 679 1475 712; x_wconf 86' lang='grc' dir='ltr'><em>ὁ</em></span> <span class='ocrx_word' id='word_1_73' title='bbox 1501 680 1617 722; x_wconf 83' lang='grc' dir='ltr'><em>α’γκών</em></span> <span class='ocrx_word' id='word_1_74' title='bbox 1642 675 1745 719; x_wconf 81' lang='grc' dir='ltr'><em>οὗτος</em></span> <span class='ocrx_word' id='word_1_75' title='bbox 1768 683 1832 714; x_wconf 86' lang='grc' dir='ltr'><em>τοῦ</em></span> <span class='ocrx_word' id='word_1_76' title='bbox 1855 681 1939 715; x_wconf 85' lang='grc' dir='ltr'><em>Νει-</em></span> 
     </span>
     <span class='ocr_line' id='line_1_8' title="bbox 271 742 1937 787; baseline 0.001 -10"><span class='ocrx_word' id='word_1_77' title='bbox 271 745 334 778; x_wconf 87' lang='grc' dir='ltr'><em>λον</em></span> <span class='ocrx_word' id='word_1_78' title='bbox 358 742 403 781; x_wconf 73' lang='grc' dir='ltr'><em>ὃς</em></span> <span class='ocrx_word' id='word_1_79' title='bbox 427 742 637 784; x_wconf 73' lang='grc' dir='ltr'><em>ἀπεργμένος</em></span> <span class='ocrx_word' id='word_1_80' title='bbox 660 742 726 785; x_wconf 82' lang='grc' dir='ltr'><strong><em>ῥέει</em></strong></span> <span class='ocrx_word' id='word_1_81' title='bbox 750 743 833 774; x_wconf 83' lang='lat' dir='ltr'>inulti</span> <span class='ocrx_word' id='word_1_82' title='bbox 850 743 977 775; x_wconf 85' lang='lat' dir='ltr'>codices</span> <span class='ocrx_word' id='word_1_83' title='bbox 998 744 1143 776; x_wconf 84' lang='lat' dir='ltr'>exhibent</span> <span class='ocrx_word' id='word_1_84' title='bbox 1165 742 1223 781; x_wconf 81' lang='grc' dir='ltr'><em>ὡς.</em></span> <span class='ocrx_word' id='word_1_85' title='bbox 1273 745 1300 783; x_wconf 87' lang='lat'><em>1,</em></span> <span class='ocrx_word' id='word_1_86' title='bbox 1328 744 1390 775; x_wconf 84' lang='lat'><em>110</em></span> <span class='ocrx_word' id='word_1_87' title='bbox 1413 742 1487 777; x_wconf 85' lang='grc' dir='ltr'><em>τὸν</em></span> <span class='ocrx_word' id='word_1_88' title='bbox 1510 743 1697 786; x_wconf 82' lang='grc' dir='ltr'><em>βουκόλον</em></span> <span class='ocrx_word' id='word_1_89' title='bbox 1713 745 1855 786; x_wconf 84' lang='lat' dir='ltr'>plerique</span> <span class='ocrx_word' id='word_1_90' title='bbox 1879 756 1937 787; x_wconf 88' lang='lat' dir='ltr'><em>pro</em></span> 
     </span>
     <span class='ocr_line' id='line_1_9' title="bbox 271 803 1938 850; baseline 0.001 -10"><span class='ocrx_word' id='word_1_91' title='bbox 271 808 349 840; x_wconf 79' lang='grc' dir='ltr'><em>τῶν</em></span> <span class='ocrx_word' id='word_1_92' title='bbox 376 803 576 850; x_wconf 85' lang='grc' dir='ltr'><em>βουκόλων.</em></span> <span class='ocrx_word' id='word_1_93' title='bbox 624 805 664 847; x_wconf 81' lang='grc' dir='ltr'><em>ΙΙ,</em></span> <span class='ocrx_word' id='word_1_94' title='bbox 696 804 773 845; x_wconf 83' lang='grc'>121,</span> <span class='ocrx_word' id='word_1_95' title='bbox 801 804 822 837; x_wconf 88' lang='grc'>4</span> <span class='ocrx_word' id='word_1_96' title='bbox 849 804 921 839; x_wconf 82' lang='grc' dir='ltr'><em>τὸν</em></span> <span class='ocrx_word' id='word_1_97' title='bbox 950 803 1071 839; x_wconf 83' lang='grc' dir='ltr'><em>α’σκὸν</em></span> <span class='ocrx_word' id='word_1_98' title='bbox 1099 806 1127 838; x_wconf 75' lang='lat' dir='ltr'><em>S.</em></span> <span class='ocrx_word' id='word_1_99' title='bbox 1157 807 1191 838; x_wconf 89' lang='lat' dir='ltr'><em>V.</em></span> <span class='ocrx_word' id='word_1_100' title='bbox 1219 816 1274 848; x_wconf 81' lang='lat' dir='ltr'><em>pro</em></span> <span class='ocrx_word' id='word_1_101' title='bbox 1306 808 1383 840; x_wconf 78' lang='grc' dir='ltr'><em>τῶν</em></span> <span class='ocrx_word' id='word_1_102' title='bbox 1413 806 1550 840; x_wconf 80' lang='grc' dir='ltr'><em>(ι’σκών.</em></span> <span class='ocrx_word' id='word_1_103' title='bbox 1604 807 1631 843; x_wconf 91' lang='grc' dir='ltr'><em>Ι,</em></span> <span class='ocrx_word' id='word_1_104' title='bbox 1659 806 1718 839; x_wconf 87' lang='grc'><em>111</em></span> <span class='ocrx_word' id='word_1_105' title='bbox 1747 806 1793 840; x_wconf 87' lang='grc' dir='ltr'><em>τὸ</em></span> <span class='ocrx_word' id='word_1_106' title='bbox 1818 807 1938 847; x_wconf 77' lang='grc' dir='ltr'><em>τέκος</em></span> 
     </span>
     <span class='ocr_line' id='line_1_10' title="bbox 273 868 674 912; baseline -0.005 -10"><span class='ocrx_word' id='word_1_107' title='bbox 273 871 365 902; x_wconf 85' lang='lat' dir='ltr'>iidem</span> <span class='ocrx_word' id='word_1_108' title='bbox 389 880 445 912; x_wconf 92' lang='lat' dir='ltr'><em>pro</em></span> <span class='ocrx_word' id='word_1_109' title='bbox 470 868 563 901; x_wconf 85' lang='grc' dir='ltr'><em>τότε</em></span> <span class='ocrx_word' id='word_1_110' title='bbox 585 881 674 906; x_wconf 78' lang='grc' dir='ltr'><em>κως.</em></span> 
     </span>
    </p>

    <p class='ocr_par' dir='ltr' id='par_1_4' title="bbox 268 933 1943 2742">
     <span class='ocr_line' id='line_1_11' title="bbox 363 933 1936 984; baseline 0.001 -18"><span class='ocrx_word' id='word_1_111' title='bbox 363 934 497 966; x_wconf 81' lang='lat' dir='ltr'>Maxime</span> <span class='ocrx_word' id='word_1_112' title='bbox 522 933 749 965; x_wconf 78' lang='lat' dir='ltr'>confunduntur</span> <span class='ocrx_word' id='word_1_113' title='bbox 770 934 895 984; x_wconf 59' lang='lat'><em>10431011</em></span> <span class='ocrx_word' id='word_1_114' title='bbox 919 938 950 965; x_wconf 88' lang='lat' dir='ltr'><em>et</em></span> <span class='ocrx_word' id='word_1_115' title='bbox 973 933 1114 974; x_wconf 74' lang='grc' dir='ltr'><em>τούτων,</em></span> <span class='ocrx_word' id='word_1_116' title='bbox 1138 936 1240 967; x_wconf 88' lang='grc' dir='ltr'><em>τοῦτο</em></span> <span class='ocrx_word' id='word_1_117' title='bbox 1266 938 1295 965; x_wconf 83' lang='lat' dir='ltr'><em>et</em></span> <span class='ocrx_word' id='word_1_118' title='bbox 1318 934 1438 976; x_wconf 81' lang='grc' dir='ltr'><em>τούτῳ,</em></span> <span class='ocrx_word' id='word_1_119' title='bbox 1463 944 1565 975; x_wconf 85' lang='lat' dir='ltr'>neque</span> <span class='ocrx_word' id='word_1_120' title='bbox 1587 935 1688 966; x_wconf 84' lang='lat' dir='ltr'>omnia</span> <span class='ocrx_word' id='word_1_121' title='bbox 1712 934 1804 977; x_wconf 84' lang='lat' dir='ltr'>hujus</span> <span class='ocrx_word' id='word_1_122' title='bbox 1829 946 1936 978; x_wconf 85' lang='lat' dir='ltr'>gene-</span> 
     </span>
     <span class='ocr_line' id='line_1_12' title="bbox 272 996 1934 1039; baseline 0 -8"><span class='ocrx_word' id='word_1_123' title='bbox 272 1000 316 1032; x_wconf 91' lang='lat' dir='ltr'><em>ris</em></span> <span class='ocrx_word' id='word_1_124' title='bbox 339 999 413 1031; x_wconf 84' lang='lat' dir='ltr'>vitia</span> <span class='ocrx_word' id='word_1_125' title='bbox 436 1001 577 1030; x_wconf 87' lang='lat' dir='ltr'>correcta</span> <span class='ocrx_word' id='word_1_126' title='bbox 606 997 643 1029; x_wconf 88' lang='lat' dir='ltr'>ab</span> <span class='ocrx_word' id='word_1_127' title='bbox 667 996 836 1029; x_wconf 84' lang='lat' dir='ltr'>editoribus</span> <span class='ocrx_word' id='word_1_128' title='bbox 860 1001 938 1029; x_wconf 89' lang='lat' dir='ltr'>sunt.</span> <span class='ocrx_word' id='word_1_129' title='bbox 986 997 1023 1029; x_wconf 87' lang='lat' dir='ltr'>Ut</span> <span class='ocrx_word' id='word_1_130' title='bbox 1046 998 1075 1038; x_wconf 86' lang='grc' dir='ltr'><em>Ι,</em></span> <span class='ocrx_word' id='word_1_131' title='bbox 1105 997 1148 1029; x_wconf 87' lang='lat'><em>50</em></span> <span class='ocrx_word' id='word_1_132' title='bbox 1173 1007 1281 1029; x_wconf 86' lang='lat' dir='ltr'>omnes</span> <span class='ocrx_word' id='word_1_133' title='bbox 1306 1001 1430 1039; x_wconf 79' lang='lat' dir='ltr'>praeter</span> <span class='ocrx_word' id='word_1_134' title='bbox 1454 997 1663 1030; x_wconf 89' lang='lat' dir='ltr'>Gaissordium</span> <span class='ocrx_word' id='word_1_135' title='bbox 1688 999 1727 1030; x_wconf 88' lang='lat' dir='ltr'><em>ita</em></span> <span class='ocrx_word' id='word_1_136' title='bbox 1753 998 1934 1031; x_wconf 86' lang='lat' dir='ltr'>ediderunt:</span> 
     </span>
     <span class='ocr_line' id='line_1_13' title="bbox 272 1058 1935 1104; baseline 0 -9"><span class='ocrx_word' id='word_1_137' title='bbox 272 1062 422 1096; x_wconf 66' lang='grc' dir='ltr'><em>Λυδοῖσι(</em></span> <span class='ocrx_word' id='word_1_138' title='bbox 445 1073 479 1094; x_wconf 87' lang='grc' dir='ltr'><em>τε</em></span> <span class='ocrx_word' id='word_1_139' title='bbox 502 1062 585 1093; x_wconf 80' lang='grc' dir='ltr'><em>πᾶσι</em></span> <span class='ocrx_word' id='word_1_140' title='bbox 601 1063 736 1103; x_wconf 84' lang='grc' dir='ltr'><em>προεῖπε</em></span> <span class='ocrx_word' id='word_1_141' title='bbox 752 1059 854 1093; x_wconf 76' lang='grc' dir='ltr'><em>θύειν</em></span> <span class='ocrx_word' id='word_1_142' title='bbox 875 1059 989 1093; x_wconf 79' lang='grc' dir='ltr'><em>πάντα</em></span> <span class='ocrx_word' id='word_1_143' title='bbox 1013 1059 1092 1094; x_wconf 77' lang='grc' dir='ltr'><em>τινὰ</em></span> <span class='ocrx_word' id='word_1_144' title='bbox 1115 1061 1229 1094; x_wconf 79' lang='grc' dir='ltr'><em>αὐτῶν</em></span> <span class='ocrx_word' id='word_1_145' title='bbox 1252 1060 1384 1103; x_wconf 78' lang='grc' dir='ltr'><em>τούτῳ</em></span> <span class='ocrx_word' id='word_1_146' title='bbox 1409 1058 1429 1093; x_wconf 86' lang='grc' dir='ltr'><em>ὅ</em></span> <span class='ocrx_word' id='word_1_147' title='bbox 1448 1072 1480 1092; x_wconf 84' lang='grc' dir='ltr'><em>τι</em></span> <span class='ocrx_word' id='word_1_148' title='bbox 1503 1062 1579 1101; x_wconf 74' lang='grc' dir='ltr'><em>ἔχοι</em></span> <span class='ocrx_word' id='word_1_149' title='bbox 1602 1064 1757 1102; x_wconf 81' lang='grc' dir='ltr'><em>ἕκαστος,</em></span> <span class='ocrx_word' id='word_1_150' title='bbox 1782 1062 1820 1094; x_wconf 86' lang='lat' dir='ltr'>ad</span> <span class='ocrx_word' id='word_1_151' title='bbox 1842 1073 1935 1104; x_wconf 86' lang='lat' dir='ltr'>quem</span> 
     </span>
     <span class='ocr_line' id='line_1_14' title="bbox 272 1123 1933 1166; baseline 0 -8"><span class='ocrx_word' id='word_1_152' title='bbox 272 1127 373 1158; x_wconf 88' lang='lat' dir='ltr'>locum</span> <span class='ocrx_word' id='word_1_153' title='bbox 405 1125 482 1156; x_wconf 85' lang='lat' dir='ltr'>haec</span> <span class='ocrx_word' id='word_1_154' title='bbox 513 1124 669 1155; x_wconf 86' lang='lat' dir='ltr'>adnotavit-</span> <span class='ocrx_word' id='word_1_155' title='bbox 699 1124 860 1155; x_wconf 73' lang='lat' dir='ltr'>Matthiae:</span> <span class='ocrx_word' id='word_1_156' title='bbox 894 1124 983 1162; x_wconf 68' lang='lat' dir='ltr'>„Non</span> <span class='ocrx_word' id='word_1_157' title='bbox 1016 1134 1111 1155; x_wconf 88' lang='lat' dir='ltr'>ausus</span> <span class='ocrx_word' id='word_1_158' title='bbox 1144 1134 1211 1155; x_wconf 91' lang='lat' dir='ltr'>su1n</span> <span class='ocrx_word' id='word_1_159' title='bbox 1243 1134 1312 1155; x_wconf 78' lang='lat' dir='ltr'>cuni</span> <span class='ocrx_word' id='word_1_160' title='bbox 1346 1123 1440 1154; x_wconf 79' lang='lat' dir='ltr'>Gaiss.</span> <span class='ocrx_word' id='word_1_161' title='bbox 1475 1123 1585 1166; x_wconf 76' lang='grc' dir='ltr'><em>τούτῳ</em></span> <span class='ocrx_word' id='word_1_162' title='bbox 1610 1128 1729 1156; x_wconf 86' lang='lat' dir='ltr'>mutare</span> <span class='ocrx_word' id='word_1_163' title='bbox 1763 1126 1792 1156; x_wconf 90' lang='lat' dir='ltr'><em>in</em></span> <span class='ocrx_word' id='word_1_164' title='bbox 1817 1126 1933 1165; x_wconf 80' lang='grc' dir='ltr'><em>τοῦτο,</em></span> 
     </span>
     <span class='ocr_line' id='line_1_15' title="bbox 272 1187 1934 1231; baseline 0 -10"><span class='ocrx_word' id='word_1_165' title='bbox 272 1189 409 1231; x_wconf 85' lang='lat' dir='ltr'>quamvis</span> <span class='ocrx_word' id='word_1_166' title='bbox 438 1188 498 1220; x_wconf 90' lang='lat' dir='ltr'><em>hoc</em></span> <span class='ocrx_word' id='word_1_167' title='bbox 528 1188 566 1219; x_wconf 90' lang='lat' dir='ltr'>sit</span> <span class='ocrx_word' id='word_1_168' title='bbox 595 1188 626 1219; x_wconf 90' lang='lat' dir='ltr'><em>in</em></span> <span class='ocrx_word' id='word_1_169' title='bbox 648 1187 729 1219; x_wconf 84' lang='lat' dir='ltr'>Flor.</span> <span class='ocrx_word' id='word_1_170' title='bbox 776 1187 854 1218; x_wconf 82' lang='lat' dir='ltr'>Nam</span> <span class='ocrx_word' id='word_1_171' title='bbox 877 1187 988 1219; x_wconf 82' lang='lat' dir='ltr'>idonea</span> <span class='ocrx_word' id='word_1_172' title='bbox 1013 1189 1091 1219; x_wconf 83' lang='lat' dir='ltr'>ratio</span> <span class='ocrx_word' id='word_1_173' title='bbox 1117 1188 1288 1229; x_wconf 81' lang='lat' dir='ltr'>excogitari</span> <span class='ocrx_word' id='word_1_174' title='bbox 1319 1191 1437 1229; x_wconf 75' lang='lat' dir='ltr'>potest,</span> <span class='ocrx_word' id='word_1_175' title='bbox 1467 1198 1526 1228; x_wconf 91' lang='lat' dir='ltr'><em>qua</em></span> <span class='ocrx_word' id='word_1_176' title='bbox 1551 1187 1654 1220; x_wconf 76' lang='grc' dir='ltr'><em>θύειν</em></span> <span class='ocrx_word' id='word_1_177' title='bbox 1677 1189 1744 1220; x_wconf 82' lang='grc' dir='ltr'><em>τινὶ</em></span> <span class='ocrx_word' id='word_1_178' title='bbox 1770 1190 1934 1221; x_wconf 83' lang='lat' dir='ltr'>commode</span> 
     </span>
     <span class='ocr_line' id='line_1_16' title="bbox 271 1250 1934 1296; baseline 0.001 -12"><span class='ocrx_word' id='word_1_179' title='bbox 271 1252 329 1284; x_wconf 87' lang='lat' dir='ltr'>dici</span> <span class='ocrx_word' id='word_1_180' title='bbox 358 1260 454 1293; x_wconf 90' lang='lat' dir='ltr'>posse</span> <span class='ocrx_word' id='word_1_181' title='bbox 483 1250 638 1291; x_wconf 87' lang='lat' dir='ltr'>videatur,</span> <span class='ocrx_word' id='word_1_182' title='bbox 667 1253 702 1282; x_wconf 82' lang='lat' dir='ltr'><em>ut</em></span> <span class='ocrx_word' id='word_1_183' title='bbox 729 1250 768 1282; x_wconf 88' lang='lat' dir='ltr'>sit</span> <span class='ocrx_word' id='word_1_184' title='bbox 796 1260 895 1282; x_wconf 76' lang='lat' dir='ltr'>sacra</span> <span class='ocrx_word' id='word_1_185' title='bbox 920 1250 1032 1292; x_wconf 82' lang='lat' dir='ltr'>facere</span> <span class='ocrx_word' id='word_1_186' title='bbox 1055 1251 1164 1292; x_wconf 77' lang='lat' dir='ltr'>aliqua</span> <span class='ocrx_word' id='word_1_187' title='bbox 1191 1260 1227 1282; x_wconf 83' lang='lat' dir='ltr'>re</span> <span class='ocrx_word' id='word_1_188' title='bbox 1251 1250 1423 1282; x_wconf 71' lang='lat' dir='ltr'><em>adhibita.n</em></span> <span class='ocrx_word' id='word_1_189' title='bbox 1471 1250 1574 1292; x_wconf 87' lang='lat' dir='ltr'>Atque</span> <span class='ocrx_word' id='word_1_190' title='bbox 1598 1250 1766 1283; x_wconf 88' lang='lat' dir='ltr'>Baehrius:</span> <span class='ocrx_word' id='word_1_191' title='bbox 1801 1252 1934 1296; x_wconf 66' lang='lat' dir='ltr'><em>„tov&#39;tcy</em></span> 
     </span>
     <span class='ocr_line' id='line_1_17' title="bbox 269 1313 1934 1355; baseline 0 -9"><span class='ocrx_word' id='word_1_192' title='bbox 269 1316 450 1347; x_wconf 85' lang='lat' dir='ltr'>retinuimus</span> <span class='ocrx_word' id='word_1_193' title='bbox 468 1314 604 1355; x_wconf 87' lang='lat' dir='ltr'>pluribus</span> <span class='ocrx_word' id='word_1_194' title='bbox 621 1313 707 1344; x_wconf 87' lang='lat' dir='ltr'>libris</span> <span class='ocrx_word' id='word_1_195' title='bbox 731 1314 771 1344; x_wconf 91' lang='lat' dir='ltr'><em>ita</em></span> <span class='ocrx_word' id='word_1_196' title='bbox 784 1314 974 1355; x_wconf 87' lang='lat' dir='ltr'>jubentibus.</span> <span class='ocrx_word' id='word_1_197' title='bbox 1007 1314 1122 1351; x_wconf 86' lang='grc' dir='ltr'><em>τοῦτο,</em></span> <span class='ocrx_word' id='word_1_198' title='bbox 1146 1313 1228 1354; x_wconf 86' lang='lat' dir='ltr'>quod</span> <span class='ocrx_word' id='word_1_199' title='bbox 1253 1324 1270 1344; x_wconf 87' lang='lat' dir='ltr'>a</span> <span class='ocrx_word' id='word_1_200' title='bbox 1289 1313 1382 1344; x_wconf 85' lang='lat' dir='ltr'>Gaisf.</span> <span class='ocrx_word' id='word_1_201' title='bbox 1408 1315 1572 1344; x_wconf 83' lang='lat' dir='ltr'>intextum</span> <span class='ocrx_word' id='word_1_202' title='bbox 1597 1318 1646 1345; x_wconf 81' lang='lat' dir='ltr'><em>est</em></span> <span class='ocrx_word' id='word_1_203' title='bbox 1666 1319 1837 1355; x_wconf 85' lang='lat' dir='ltr'>receptum,</span> <span class='ocrx_word' id='word_1_204' title='bbox 1863 1316 1934 1346; x_wconf 78' lang='lat' dir='ltr'>mihi</span> 
     </span>
     <span class='ocr_line' id='line_1_18' title="bbox 269 1374 1934 1421; baseline 0 -11"><span class='ocrx_word' id='word_1_205' title='bbox 269 1377 455 1421; x_wconf 84' lang='lat' dir='ltr'>glossatoris</span> <span class='ocrx_word' id='word_1_206' title='bbox 479 1386 601 1409; x_wconf 83' lang='lat' dir='ltr'>inanum</span> <span class='ocrx_word' id='word_1_207' title='bbox 624 1385 736 1418; x_wconf 81' lang='lat' dir='ltr'>sapere</span> <span class='ocrx_word' id='word_1_208' title='bbox 760 1375 891 1417; x_wconf 83' lang='lat' dir='ltr'>videtur,</span> <span class='ocrx_word' id='word_1_209' title='bbox 916 1376 967 1417; x_wconf 87' lang='lat' dir='ltr'>qui</span> <span class='ocrx_word' id='word_1_210' title='bbox 995 1376 1130 1408; x_wconf 81' lang='lat' dir='ltr'>dativum</span> <span class='ocrx_word' id='word_1_211' title='bbox 1152 1374 1265 1419; x_wconf 82' lang='grc' dir='ltr'><em>τούτῳ</em></span> <span class='ocrx_word' id='word_1_212' title='bbox 1288 1386 1350 1408; x_wconf 89' lang='lat' dir='ltr'><em>non</em></span> <span class='ocrx_word' id='word_1_213' title='bbox 1374 1377 1447 1408; x_wconf 86' lang='lat' dir='ltr'>satis</span> <span class='ocrx_word' id='word_1_214' title='bbox 1472 1376 1629 1418; x_wconf 82' lang='lat' dir='ltr'>explicare</span> <span class='ocrx_word' id='word_1_215' title='bbox 1653 1376 1803 1417; x_wconf 78' lang='lat' dir='ltr'>valuerit3</span> <span class='ocrx_word' id='word_1_216' title='bbox 1827 1378 1934 1410; x_wconf 84' lang='lat' dir='ltr'>resero</span> 
     </span>
     <span class='ocr_line' id='line_1_19' title="bbox 270 1439 1933 1481; baseline -0.001 -8"><span class='ocrx_word' id='word_1_217' title='bbox 270 1445 371 1473; x_wconf 83' lang='lat' dir='ltr'>autem</span> <span class='ocrx_word' id='word_1_218' title='bbox 398 1439 508 1480; x_wconf 81' lang='grc' dir='ltr'><em>τούτῳ</em></span> <span class='ocrx_word' id='word_1_219' title='bbox 538 1439 575 1470; x_wconf 79' lang='lat' dir='ltr'>ad</span> <span class='ocrx_word' id='word_1_220' title='bbox 599 1439 690 1470; x_wconf 87' lang='lat' dir='ltr'>deum</span> <span class='ocrx_word' id='word_1_221' title='bbox 714 1439 904 1479; x_wconf 87' lang='lat' dir='ltr'>delphicum,</span> <span class='ocrx_word' id='word_1_222' title='bbox 936 1440 985 1470; x_wconf 78' lang='lat' dir='ltr'>cui</span> <span class='ocrx_word' id='word_1_223' title='bbox 1009 1440 1147 1471; x_wconf 78' lang='lat' dir='ltr'>Croesus</span> <span class='ocrx_word' id='word_1_224' title='bbox 1177 1440 1214 1470; x_wconf 81' lang='lat' dir='ltr'>ab</span> <span class='ocrx_word' id='word_1_225' title='bbox 1240 1441 1322 1470; x_wconf 87' lang='lat' dir='ltr'>omni</span> <span class='ocrx_word' id='word_1_226' title='bbox 1345 1439 1432 1480; x_wconf 72' lang='lat' dir='ltr'>Lydo</span> <span class='ocrx_word' id='word_1_227' title='bbox 1457 1440 1487 1470; x_wconf 90' lang='lat' dir='ltr'><em>id</em></span> <span class='ocrx_word' id='word_1_228' title='bbox 1512 1439 1618 1470; x_wconf 76' lang='lat' dir='ltr'>offerri</span> <span class='ocrx_word' id='word_1_229' title='bbox 1643 1440 1753 1478; x_wconf 76' lang='lat' dir='ltr'>voluit,</span> <span class='ocrx_word' id='word_1_230' title='bbox 1785 1441 1933 1481; x_wconf 88' lang='lat' dir='ltr'>quidquid</span> 
     </span>
     <span class='ocr_line' id='line_1_20' title="bbox 269 1501 1936 1547; baseline 0.001 -11"><span class='ocrx_word' id='word_1_231' title='bbox 269 1503 485 1545; x_wconf 88' lang='lat' dir='ltr'>unusquisque</span> <span class='ocrx_word' id='word_1_232' title='bbox 514 1501 643 1534; x_wconf 89' lang='lat' dir='ltr'>haberet</span> <span class='ocrx_word' id='word_1_233' title='bbox 666 1506 768 1544; x_wconf 88' lang='lat' dir='ltr'>aptum</span> <span class='ocrx_word' id='word_1_234' title='bbox 796 1501 834 1535; x_wconf 81' lang='lat' dir='ltr'>ad</span> <span class='ocrx_word' id='word_1_235' title='bbox 858 1501 1080 1535; x_wconf 77' lang='lat' dir='ltr'>offerenduin.“</span> <span class='ocrx_word' id='word_1_236' title='bbox 1127 1502 1167 1534; x_wconf 90' lang='lat' dir='ltr'>At</span> <span class='ocrx_word' id='word_1_237' title='bbox 1190 1512 1293 1545; x_wconf 86' lang='lat' dir='ltr'>neque</span> <span class='ocrx_word' id='word_1_238' title='bbox 1317 1501 1418 1535; x_wconf 73' lang='grc' dir='ltr'><em>θύειν</em></span> <span class='ocrx_word' id='word_1_239' title='bbox 1448 1502 1516 1535; x_wconf 80' lang='grc' dir='ltr'><em>τινι</em></span> <span class='ocrx_word' id='word_1_240' title='bbox 1538 1513 1655 1547; x_wconf 83' lang='lat' dir='ltr'>graece</span> <span class='ocrx_word' id='word_1_241' title='bbox 1679 1503 1792 1536; x_wconf 88' lang='lat' dir='ltr'>dicitur</span> <span class='ocrx_word' id='word_1_242' title='bbox 1815 1505 1870 1545; x_wconf 85' lang='lat' dir='ltr'>ita,</span> <span class='ocrx_word' id='word_1_243' title='bbox 1902 1510 1936 1537; x_wconf 91' lang='lat' dir='ltr'><em>ut</em></span> 
     </span>
     <span class='ocr_line' id='line_1_21' title="bbox 269 1565 1935 1609; baseline 0.001 -10"><span class='ocrx_word' id='word_1_244' title='bbox 269 1568 389 1599; x_wconf 88' lang='lat' dir='ltr'>dativus</span> <span class='ocrx_word' id='word_1_245' title='bbox 417 1576 483 1598; x_wconf 89' lang='lat' dir='ltr'>rem</span> <span class='ocrx_word' id='word_1_246' title='bbox 514 1576 594 1608; x_wconf 84' lang='lat' dir='ltr'>quae</span> <span class='ocrx_word' id='word_1_247' title='bbox 623 1566 816 1599; x_wconf 79' lang='lat' dir='ltr'>sacrificetur</span> <span class='ocrx_word' id='word_1_248' title='bbox 846 1565 996 1606; x_wconf 84' lang='lat' dir='ltr'>declaret,</span> <span class='ocrx_word' id='word_1_249' title='bbox 1029 1576 1131 1608; x_wconf 86' lang='lat' dir='ltr'>neque</span> <span class='ocrx_word' id='word_1_250' title='bbox 1155 1565 1266 1609; x_wconf 78' lang='grc' dir='ltr'><em>τούτῳ</em></span> <span class='ocrx_word' id='word_1_251' title='bbox 1297 1567 1371 1598; x_wconf 82' lang='lat' dir='ltr'>satis</span> <span class='ocrx_word' id='word_1_252' title='bbox 1397 1565 1558 1598; x_wconf 88' lang='lat' dir='ltr'>commode</span> <span class='ocrx_word' id='word_1_253' title='bbox 1582 1566 1621 1598; x_wconf 84' lang='lat' dir='ltr'>ad</span> <span class='ocrx_word' id='word_1_254' title='bbox 1645 1568 1795 1599; x_wconf 84' lang='lat' dir='ltr'>remotius</span> <span class='ocrx_word' id='word_1_255' title='bbox 1820 1577 1935 1601; x_wconf 85' lang='lat' dir='ltr'>nomen</span> 
     </span>
     <span class='ocr_line' id='line_1_22' title="bbox 268 1628 1935 1671; baseline 0.001 -8"><span class='ocrx_word' id='word_1_256' title='bbox 268 1630 331 1664; x_wconf 86' lang='grc' dir='ltr'><em>τὸν</em></span> <span class='ocrx_word' id='word_1_257' title='bbox 355 1628 445 1662; x_wconf 80' lang='grc' dir='ltr'><em>θεὸν</em></span> <span class='ocrx_word' id='word_1_258' title='bbox 473 1630 587 1661; x_wconf 83' lang='lat' dir='ltr'>referri</span> <span class='ocrx_word' id='word_1_259' title='bbox 616 1633 729 1671; x_wconf 89' lang='lat' dir='ltr'>potest.</span> <span class='ocrx_word' id='word_1_260' title='bbox 778 1630 842 1661; x_wconf 89' lang='lat' dir='ltr'>Una</span> <span class='ocrx_word' id='word_1_261' title='bbox 871 1634 968 1662; x_wconf 83' lang='lat' dir='ltr'>restat</span> <span class='ocrx_word' id='word_1_262' title='bbox 997 1631 1090 1669; x_wconf 82' lang='lat' dir='ltr'>ratio,</span> <span class='ocrx_word' id='word_1_263' title='bbox 1120 1630 1157 1661; x_wconf 81' lang='lat' dir='ltr'>de</span> <span class='ocrx_word' id='word_1_264' title='bbox 1187 1640 1247 1671; x_wconf 88' lang='lat' dir='ltr'><em>qua</em></span> <span class='ocrx_word' id='word_1_265' title='bbox 1277 1639 1367 1661; x_wconf 84' lang='lat' dir='ltr'>nemo</span> <span class='ocrx_word' id='word_1_266' title='bbox 1399 1630 1560 1669; x_wconf 87' lang='lat' dir='ltr'>dubitabit,</span> <span class='ocrx_word' id='word_1_267' title='bbox 1594 1630 1646 1670; x_wconf 91' lang='lat' dir='ltr'>qui</span> <span class='ocrx_word' id='word_1_268' title='bbox 1677 1634 1708 1661; x_wconf 89' lang='lat' dir='ltr'><em>et</em></span> <span class='ocrx_word' id='word_1_269' title='bbox 1741 1633 1840 1663; x_wconf 88' lang='lat' dir='ltr'>nostri</span> <span class='ocrx_word' id='word_1_270' title='bbox 1873 1632 1935 1664; x_wconf 90' lang='lat' dir='ltr'>loci</span> 
     </span>
     <span class='ocr_line' id='line_1_23' title="bbox 269 1689 1935 1737; baseline 0.001 -11"><span class='ocrx_word' id='word_1_271' title='bbox 269 1694 383 1726; x_wconf 84' lang='lat' dir='ltr'>verba:</span> <span class='ocrx_word' id='word_1_272' title='bbox 407 1693 528 1725; x_wconf 90' lang='grc' dir='ltr'><em>τοῦτο</em></span> <span class='ocrx_word' id='word_1_273' title='bbox 554 1689 575 1725; x_wconf 87' lang='grc' dir='ltr'>ὅ</span> <span class='ocrx_word' id='word_1_274' title='bbox 596 1703 635 1724; x_wconf 92' lang='grc' dir='ltr'><em>τι</em></span> <span class='ocrx_word' id='word_1_275' title='bbox 657 1693 795 1733; x_wconf 75' lang='grc' dir='ltr'><em>ἔχοιεν</em></span> <span class='ocrx_word' id='word_1_276' title='bbox 818 1695 989 1725; x_wconf 82' lang='grc' dir='ltr'><em>ἔκαστοι</em></span> <span class='ocrx_word' id='word_1_277' title='bbox 1013 1696 1044 1724; x_wconf 88' lang='lat' dir='ltr'><em>et</em></span> <span class='ocrx_word' id='word_1_278' title='bbox 1066 1693 1123 1724; x_wconf 91' lang='lat' dir='ltr'><em>hos</em></span> <span class='ocrx_word' id='word_1_279' title='bbox 1148 1693 1312 1725; x_wconf 83' lang='lat' dir='ltr'>contulerit</span> <span class='ocrx_word' id='word_1_280' title='bbox 1334 1693 1431 1724; x_wconf 77' lang='lat' dir='ltr'>locos.</span> <span class='ocrx_word' id='word_1_281' title='bbox 1464 1692 1485 1732; x_wconf 81' lang='lat'><em>1,</em></span> <span class='ocrx_word' id='word_1_282' title='bbox 1510 1691 1593 1723; x_wconf 86' lang='lat'>210:</span> <span class='ocrx_word' id='word_1_283' title='bbox 1617 1692 1684 1734; x_wconf 73' lang='grc' dir='ltr'><em>ἐγώ</em></span> <span class='ocrx_word' id='word_1_284' title='bbox 1708 1705 1763 1727; x_wconf 93' lang='grc' dir='ltr'><em>τοι</em></span> <span class='ocrx_word' id='word_1_285' title='bbox 1788 1694 1935 1737; x_wconf 84' lang='grc' dir='ltr'><em>παραδί-</em></span> 
     </span>
     <span class='ocr_line' id='line_1_24' title="bbox 269 1752 1933 1799; baseline 0.001 -10"><span class='ocrx_word' id='word_1_286' title='bbox 269 1756 355 1798; x_wconf 88' lang='grc' dir='ltr'><em>δωμι</em></span> <span class='ocrx_word' id='word_1_287' title='bbox 377 1754 548 1797; x_wconf 78' lang='grc' dir='ltr'><em>χρὲεσθαι</em></span> <span class='ocrx_word' id='word_1_288' title='bbox 572 1755 665 1796; x_wconf 83' lang='grc' dir='ltr'><em>αὐτῷ</em></span> <span class='ocrx_word' id='word_1_289' title='bbox 687 1756 808 1787; x_wconf 86' lang='grc' dir='ltr'><em>τοῦτο</em></span> <span class='ocrx_word' id='word_1_290' title='bbox 835 1752 856 1787; x_wconf 89' lang='grc' dir='ltr'>ὅ</span> <span class='ocrx_word' id='word_1_291' title='bbox 876 1766 915 1787; x_wconf 90' lang='grc' dir='ltr'><em>τι</em></span> <span class='ocrx_word' id='word_1_292' title='bbox 939 1755 1070 1798; x_wconf 75' lang='grc' dir='ltr'><em>(τούτῳ</em></span> <span class='ocrx_word' id='word_1_293' title='bbox 1093 1754 1208 1798; x_wconf 82' lang='lat' dir='ltr'>vulgo)</span> <span class='ocrx_word' id='word_1_294' title='bbox 1240 1754 1280 1787; x_wconf 85' lang='grc' dir='ltr'>σὺ</span> <span class='ocrx_word' id='word_1_295' title='bbox 1303 1754 1453 1798; x_wconf 83' lang='grc' dir='ltr'><em>βούλεαι.</em></span> <span class='ocrx_word' id='word_1_296' title='bbox 1501 1755 1528 1795; x_wconf 88' lang='lat' dir='ltr'><em>l,</em></span> <span class='ocrx_word' id='word_1_297' title='bbox 1558 1755 1615 1786; x_wconf 88' lang='lat'><em>69:</em></span> <span class='ocrx_word' id='word_1_298' title='bbox 1641 1754 1841 1797; x_wconf 77' lang='grc' dir='ltr'><em>πέμψαντες</em></span> <span class='ocrx_word' id='word_1_299' title='bbox 1864 1757 1933 1799; x_wconf 83' lang='grc' dir='ltr'><em>γαρ</em></span> 
     </span>
     <span class='ocr_line' id='line_1_25' title="bbox 270 1813 1934 1862; baseline 0.001 -10"><span class='ocrx_word' id='word_1_300' title='bbox 270 1820 303 1852; x_wconf 84' lang='grc' dir='ltr'><em>οἱ</em></span> <span class='ocrx_word' id='word_1_301' title='bbox 336 1816 610 1860; x_wconf 86' lang='grc' dir='ltr'><em>Λακεδαιμόνιοι</em></span> <span class='ocrx_word' id='word_1_302' title='bbox 641 1820 675 1855; x_wconf 76' lang='grc' dir='ltr'><em>ἐς</em></span> <span class='ocrx_word' id='word_1_303' title='bbox 706 1815 846 1859; x_wconf 78' lang='grc' dir='ltr'><em>Σάρδις</em></span> <span class='ocrx_word' id='word_1_304' title='bbox 880 1815 1012 1861; x_wconf 80' lang='grc' dir='ltr'><em>χρυσὸν</em></span> <span class='ocrx_word' id='word_1_305' title='bbox 1044 1816 1207 1858; x_wconf 73' lang='grc' dir='ltr'><em>ὠνέοντο,</em></span> <span class='ocrx_word' id='word_1_306' title='bbox 1248 1821 1282 1856; x_wconf 79' lang='grc' dir='ltr'><em>ἐς</em></span> <span class='ocrx_word' id='word_1_307' title='bbox 1314 1813 1454 1860; x_wconf 75' lang='grc' dir='ltr'><em>ἄγαλμα</em></span> <span class='ocrx_word' id='word_1_308' title='bbox 1486 1816 1692 1861; x_wconf 77' lang='grc' dir='ltr'><em>βουλόμενοι</em></span> <span class='ocrx_word' id='word_1_309' title='bbox 1724 1818 1934 1862; x_wconf 72' lang='grc' dir='ltr'><em>χρήσασθαι</em></span> 
     </span>
     <span class='ocr_line' id='line_1_26' title="bbox 269 1880 1935 1924; baseline 0.001 -10"><span class='ocrx_word' id='word_1_310' title='bbox 269 1883 392 1914; x_wconf 83' lang='grc' dir='ltr'><em>τοῦτο</em></span> <span class='ocrx_word' id='word_1_311' title='bbox 415 1880 461 1913; x_wconf 88' lang='grc' dir='ltr'><em>τὸ</em></span> <span class='ocrx_word' id='word_1_312' title='bbox 486 1880 618 1923; x_wconf 78' lang='grc' dir='ltr'><em>(τούτῳ</em></span> <span class='ocrx_word' id='word_1_313' title='bbox 641 1880 743 1912; x_wconf 81' lang='lat' dir='ltr'>Matth.</span> <span class='ocrx_word' id='word_1_314' title='bbox 768 1880 864 1912; x_wconf 80' lang='lat' dir='ltr'>Gaisf.</span> <span class='ocrx_word' id='word_1_315' title='bbox 888 1880 1016 1924; x_wconf 83' lang='lat' dir='ltr'>Baehr.)</span> <span class='ocrx_word' id='word_1_316' title='bbox 1042 1882 1102 1912; x_wconf 87' lang='grc' dir='ltr'><em>νῦν</em></span> <span class='ocrx_word' id='word_1_317' title='bbox 1124 1882 1182 1920; x_wconf 81' lang='grc' dir='ltr'><em>τῆς</em></span> <span class='ocrx_word' id='word_1_318' title='bbox 1199 1881 1405 1920; x_wconf 82' lang='grc' dir='ltr'><em>Λακωνικῆς</em></span> <span class='ocrx_word' id='word_1_319' title='bbox 1429 1884 1465 1912; x_wconf 78' lang='grc' dir='ltr'><em>ὲν</em></span> <span class='ocrx_word' id='word_1_320' title='bbox 1484 1880 1639 1922; x_wconf 82' lang='grc' dir='ltr'><em>Θόρνακι</em></span> <span class='ocrx_word' id='word_1_321' title='bbox 1662 1880 1797 1922; x_wconf 77' lang='grc' dir='ltr'><em>ἵδρυται</em></span> <span class='ocrx_word' id='word_1_322' title='bbox 1815 1883 1935 1916; x_wconf 54' lang='lat' dir='ltr'><em>’Arrol-</em></span> 
     </span>
     <span class='ocr_line' id='line_1_27' title="bbox 270 1940 1936 1986; baseline 0.002 -9"><span class='ocrx_word' id='word_1_323' title='bbox 270 1945 389 1982; x_wconf 83' lang='grc' dir='ltr'><em>λωνος.</em></span> <span class='ocrx_word' id='word_1_324' title='bbox 436 1944 463 1984; x_wconf 82' lang='lat'><em>1,</em></span> <span class='ocrx_word' id='word_1_325' title='bbox 494 1943 556 1976; x_wconf 81' lang='lat'><em>80:</em></span> <span class='ocrx_word' id='word_1_326' title='bbox 585 1946 619 1982; x_wconf 80' lang='grc' dir='ltr'><em>ἐς</em></span> <span class='ocrx_word' id='word_1_327' title='bbox 649 1941 691 1976; x_wconf 87' lang='grc' dir='ltr'><em>τὸ</em></span> <span class='ocrx_word' id='word_1_328' title='bbox 718 1942 837 1976; x_wconf 82' lang='grc' dir='ltr'><em>πεδίον</em></span> <span class='ocrx_word' id='word_1_329' title='bbox 866 1942 903 1976; x_wconf 83' lang='grc' dir='ltr'><em>δὲ</em></span> <span class='ocrx_word' id='word_1_330' title='bbox 931 1942 1175 1976; x_wconf 76' lang='grc' dir='ltr'><em>συνελθόντων</em></span> <span class='ocrx_word' id='word_1_331' title='bbox 1202 1945 1325 1977; x_wconf 87' lang='grc' dir='ltr'><em>τοῦτο</em></span> <span class='ocrx_word' id='word_1_332' title='bbox 1354 1942 1400 1976; x_wconf 85' lang='grc' dir='ltr'><em>τὸ</em></span> <span class='ocrx_word' id='word_1_333' title='bbox 1431 1942 1497 1986; x_wconf 87' lang='grc' dir='ltr'><em>πρὸ</em></span> <span class='ocrx_word' id='word_1_334' title='bbox 1527 1945 1591 1977; x_wconf 87' lang='grc' dir='ltr'><em>τοῦ</em></span> <span class='ocrx_word' id='word_1_335' title='bbox 1621 1940 1746 1982; x_wconf 79' lang='grc' dir='ltr'><em>ἄστεός</em></span> <span class='ocrx_word' id='word_1_336' title='bbox 1775 1948 1847 1979; x_wconf 76' lang='grc' dir='ltr'><em>ἐστι</em></span> <span class='ocrx_word' id='word_1_337' title='bbox 1871 1948 1936 1980; x_wconf 85' lang='grc' dir='ltr'><em>τοῦ</em></span> 
     </span>
     <span class='ocr_line' id='line_1_28' title="bbox 271 2000 1935 2050; baseline 0.001 -10"><span class='ocrx_word' id='word_1_338' title='bbox 271 2006 485 2050; x_wconf 84' lang='grc' dir='ltr'><em>Σαρδιηνοῦ.</em></span> <span class='ocrx_word' id='word_1_339' title='bbox 533 2007 586 2047; x_wconf 82' lang='lat'><em>111,</em></span> <span class='ocrx_word' id='word_1_340' title='bbox 613 2005 693 2039; x_wconf 88' lang='lat'><strong>133:</strong></span> <span class='ocrx_word' id='word_1_341' title='bbox 718 2004 737 2039; x_wconf 89' lang='grc' dir='ltr'>ὁ</span> <span class='ocrx_word' id='word_1_342' title='bbox 761 2005 799 2039; x_wconf 79' lang='grc' dir='ltr'><em>δὲ</em></span> <span class='ocrx_word' id='word_1_343' title='bbox 820 2005 893 2049; x_wconf 81' lang='grc' dir='ltr'><em>φὰς</em></span> <span class='ocrx_word' id='word_1_344' title='bbox 920 2005 1019 2049; x_wconf 84' lang='grc' dir='ltr'><em>ὑγιέα</em></span> <span class='ocrx_word' id='word_1_345' title='bbox 1042 2005 1194 2047; x_wconf 86' lang='grc' dir='ltr'><em>ποιήσειν</em></span> <span class='ocrx_word' id='word_1_346' title='bbox 1217 2006 1352 2049; x_wconf 77' lang='grc' dir='ltr'><em>ἐξορκοῖ</em></span> <span class='ocrx_word' id='word_1_347' title='bbox 1373 2018 1432 2049; x_wconf 92' lang='grc' dir='ltr'><em>μιν</em></span> <span class='ocrx_word' id='word_1_348' title='bbox 1455 2000 1474 2047; x_wconf 78' lang='grc' dir='ltr'><strong><em>ἦ</em></strong></span> <span class='ocrx_word' id='word_1_349' title='bbox 1497 2006 1559 2049; x_wconf 84' lang='grc' dir='ltr'><em>μέν</em></span> <span class='ocrx_word' id='word_1_350' title='bbox 1583 2008 1615 2039; x_wconf 87' lang='grc' dir='ltr'><em>οἱ</em></span> <span class='ocrx_word' id='word_1_351' title='bbox 1640 2007 1935 2050; x_wconf 72' lang='grc' dir='ltr'><em>ἀντυπουργήσειν</em></span> 
     </span>
     <span class='ocr_line' id='line_1_29' title="bbox 270 2065 1937 2113; baseline 0.001 -9"><span class='ocrx_word' id='word_1_352' title='bbox 270 2071 399 2111; x_wconf 76' lang='grc' dir='ltr'><em>ἐκείνην</em></span> <span class='ocrx_word' id='word_1_353' title='bbox 421 2072 545 2104; x_wconf 81' lang='grc' dir='ltr'><em>τοῦτο</em></span> <span class='ocrx_word' id='word_1_354' title='bbox 569 2069 614 2103; x_wconf 86' lang='grc' dir='ltr'><em>τὸ</em></span> <span class='ocrx_word' id='word_1_355' title='bbox 638 2065 683 2103; x_wconf 79' lang='grc' dir='ltr'><em>ἂν</em></span> <span class='ocrx_word' id='word_1_356' title='bbox 710 2069 815 2109; x_wconf 84' lang='grc' dir='ltr'><em>αὐτῆς</em></span> <span class='ocrx_word' id='word_1_357' title='bbox 837 2068 956 2113; x_wconf 73' lang='grc' dir='ltr'><em>δεηθῇ.</em></span> <span class='ocrx_word' id='word_1_358' title='bbox 1001 2070 1056 2110; x_wconf 86' lang='grc' dir='ltr'><em>ΙΠ,</em></span> <span class='ocrx_word' id='word_1_359' title='bbox 1090 2069 1168 2101; x_wconf 86' lang='grc'>142;</span> <span class='ocrx_word' id='word_1_360' title='bbox 1200 2068 1288 2107; x_wconf 88' lang='grc' dir='ltr'><em>Διὸς</em></span> <span class='ocrx_word' id='word_1_361' title='bbox 1317 2069 1516 2111; x_wconf 71' lang='grc' dir='ltr'><em>ἐλευθερίου</em></span> <span class='ocrx_word' id='word_1_362' title='bbox 1544 2067 1663 2112; x_wconf 83' lang='grc' dir='ltr'><em>βωμὸν</em></span> <span class='ocrx_word' id='word_1_363' title='bbox 1687 2069 1852 2112; x_wconf 81' lang='grc' dir='ltr'><em>ἱδρύσατο</em></span> <span class='ocrx_word' id='word_1_364' title='bbox 1877 2074 1937 2105; x_wconf 85' lang='grc' dir='ltr'><em>καὶ</em></span> 
     </span>
     <span class='ocr_line' id='line_1_30' title="bbox 271 2126 1937 2178; baseline 0.001 -11"><span class='ocrx_word' id='word_1_365' title='bbox 271 2133 409 2177; x_wconf 76' lang='grc' dir='ltr'><em>τέμενος</em></span> <span class='ocrx_word' id='word_1_366' title='bbox 438 2135 511 2176; x_wconf 86' lang='grc' dir='ltr'><em>περὶ</em></span> <span class='ocrx_word' id='word_1_367' title='bbox 542 2132 649 2167; x_wconf 81' lang='grc' dir='ltr'><em>αὐτὸν</em></span> <span class='ocrx_word' id='word_1_368' title='bbox 672 2129 785 2175; x_wconf 80' lang='grc' dir='ltr'><em>οὔρισε</em></span> <span class='ocrx_word' id='word_1_369' title='bbox 809 2133 933 2165; x_wconf 87' lang='grc' dir='ltr'><em>τοῦτο</em></span> <span class='ocrx_word' id='word_1_370' title='bbox 963 2132 1009 2166; x_wconf 85' lang='grc' dir='ltr'><em>τὸ</em></span> <span class='ocrx_word' id='word_1_371' title='bbox 1035 2134 1095 2165; x_wconf 90' lang='grc' dir='ltr'><em>νῦν</em></span> <span class='ocrx_word' id='word_1_372' title='bbox 1118 2136 1154 2166; x_wconf 77' lang='grc' dir='ltr'><em>ἐν</em></span> <span class='ocrx_word' id='word_1_373' title='bbox 1178 2134 1226 2176; x_wconf 81' lang='grc' dir='ltr'><em>τῷ</em></span> <span class='ocrx_word' id='word_1_374' title='bbox 1248 2134 1441 2176; x_wconf 83' lang='grc' dir='ltr'><em>προαστείῳ</em></span> <span class='ocrx_word' id='word_1_375' title='bbox 1465 2133 1544 2165; x_wconf 78' lang='grc' dir='ltr'><em>ἐστί.</em></span> <span class='ocrx_word' id='word_1_376' title='bbox 1592 2133 1647 2173; x_wconf 79' lang='lat' dir='ltr'><em>w,</em></span> <span class='ocrx_word' id='word_1_377' title='bbox 1675 2126 1756 2165; x_wconf 74' lang='lat'>166:</span> <span class='ocrx_word' id='word_1_378' title='bbox 1780 2134 1937 2178; x_wconf 74' lang='grc' dir='ltr'><em>πυθόμε-</em></span> 
     </span>
     <span class='ocr_line' id='line_1_31' title="bbox 272 2194 1932 2240; baseline 0 -9"><span class='ocrx_word' id='word_1_379' title='bbox 272 2208 333 2235; x_wconf 83' lang='grc' dir='ltr'><em>νος</em></span> <span class='ocrx_word' id='word_1_380' title='bbox 365 2194 431 2240; x_wconf 78' lang='grc' dir='ltr'><em>γὰρ</em></span> <span class='ocrx_word' id='word_1_381' title='bbox 464 2197 522 2229; x_wconf 86' lang='grc' dir='ltr'><em>καὶ</em></span> <span class='ocrx_word' id='word_1_382' title='bbox 554 2194 636 2228; x_wconf 80' lang='grc' dir='ltr'><em>ἰδών</em></span> <span class='ocrx_word' id='word_1_383' title='bbox 666 2196 817 2236; x_wconf 90' lang='grc' dir='ltr'><em>Δαρεῖον</em></span> <span class='ocrx_word' id='word_1_384' title='bbox 849 2194 1084 2238; x_wconf 74' lang='grc' dir='ltr'><em>ἐπιθυμέοντα</em></span> <span class='ocrx_word' id='word_1_385' title='bbox 1107 2194 1333 2238; x_wconf 81' lang='grc' dir='ltr'><em>μνημόσυνον</em></span> <span class='ocrx_word' id='word_1_386' title='bbox 1366 2197 1496 2229; x_wconf 77' lang='grc' dir='ltr'><em>ἑωυτοῦ</em></span> <span class='ocrx_word' id='word_1_387' title='bbox 1527 2195 1694 2229; x_wconf 72' lang='grc' dir='ltr'><em>λιπέσθαι</em></span> <span class='ocrx_word' id='word_1_388' title='bbox 1724 2198 1856 2231; x_wconf 83' lang='grc' dir='ltr'><em>τοῦτο</em></span> <span class='ocrx_word' id='word_1_389' title='bbox 1890 2199 1932 2231; x_wconf 70' lang='grc' dir='ltr'><em>τί</em></span> 
     </span>
     <span class='ocr_line' id='line_1_32' title="bbox 270 2256 1937 2305; baseline 0.001 -13"><span class='ocrx_word' id='word_1_390' title='bbox 270 2259 315 2302; x_wconf 80' lang='grc' dir='ltr'><em>μὴ</em></span> <span class='ocrx_word' id='word_1_391' title='bbox 344 2256 438 2302; x_wconf 76' lang='grc' dir='ltr'><em>ἄλλῳ</em></span> <span class='ocrx_word' id='word_1_392' title='bbox 466 2259 515 2299; x_wconf 83' lang='grc' dir='ltr'><em>ε’ίη</em></span> <span class='ocrx_word' id='word_1_393' title='bbox 546 2258 679 2302; x_wconf 83' lang='grc' dir='ltr'><em>βασιλέϊ</em></span> <span class='ocrx_word' id='word_1_394' title='bbox 707 2258 1001 2300; x_wconf 85' lang='grc' dir='ltr'><em>κατεργασμένον,</em></span> <span class='ocrx_word' id='word_1_395' title='bbox 1031 2258 1183 2300; x_wconf 75' lang='grc' dir='ltr'><em>ἐμιμέετο</em></span> <span class='ocrx_word' id='word_1_396' title='bbox 1212 2260 1348 2291; x_wconf 83' lang='grc' dir='ltr'><em>τοῦτον.</em></span> <span class='ocrx_word' id='word_1_397' title='bbox 1398 2260 1451 2298; x_wconf 74' lang='lat' dir='ltr'><em>lv,</em></span> <span class='ocrx_word' id='word_1_398' title='bbox 1477 2259 1537 2289; x_wconf 79' lang='lat'><em>792</em></span> <span class='ocrx_word' id='word_1_399' title='bbox 1568 2260 1609 2291; x_wconf 85' lang='grc' dir='ltr'><em>οὐ</em></span> <span class='ocrx_word' id='word_1_400' title='bbox 1632 2259 1700 2300; x_wconf 76' lang='grc' dir='ltr'><em>γάρ</em></span> <span class='ocrx_word' id='word_1_401' title='bbox 1725 2271 1816 2305; x_wconf 86' lang='grc' dir='ltr'><em>φασι</em></span> <span class='ocrx_word' id='word_1_402' title='bbox 1840 2261 1937 2299; x_wconf 80' lang='grc' dir='ltr'><em>οἰκος</em></span> 
     </span>
     <span class='ocr_line' id='line_1_33' title="bbox 270 2319 1937 2365; baseline 0.001 -10"><span class='ocrx_word' id='word_1_403' title='bbox 270 2321 362 2355; x_wconf 85' lang='grc' dir='ltr'><em>εἶναι</em></span> <span class='ocrx_word' id='word_1_404' title='bbox 390 2321 480 2355; x_wconf 82' lang='grc' dir='ltr'><em>θεὸν</em></span> <span class='ocrx_word' id='word_1_405' title='bbox 507 2320 705 2365; x_wconf 77' lang='grc' dir='ltr'><em>ἐξευρίσκειν</em></span> <span class='ocrx_word' id='word_1_406' title='bbox 732 2321 884 2354; x_wconf 86' lang='grc' dir='ltr'><em>τοῦτον</em></span> <span class='ocrx_word' id='word_1_407' title='bbox 915 2319 1029 2358; x_wconf 86' lang='grc' dir='ltr'><em>ὅστις</em></span> <span class='ocrx_word' id='word_1_408' title='bbox 1056 2320 1250 2363; x_wconf 74' lang='grc' dir='ltr'><em>μαίνεσθαι</em></span> <span class='ocrx_word' id='word_1_409' title='bbox 1284 2320 1399 2364; x_wconf 74' lang='grc' dir='ltr'><em>ἐνάγει</em></span> <span class='ocrx_word' id='word_1_410' title='bbox 1428 2320 1654 2363; x_wconf 74' lang='grc' dir='ltr'><em>ἀνθρώπους.</em></span> <span class='ocrx_word' id='word_1_411' title='bbox 1702 2322 1728 2362; x_wconf 89' lang='lat'><em>1,</em></span> <span class='ocrx_word' id='word_1_412' title='bbox 1752 2322 1814 2355; x_wconf 83' lang='lat'><em>59:</em></span> <span class='ocrx_word' id='word_1_413' title='bbox 1851 2322 1870 2357; x_wconf 87' lang='grc' dir='ltr'><strong>ὁ</strong></span> <span class='ocrx_word' id='word_1_414' title='bbox 1900 2323 1937 2357; x_wconf 80' lang='grc' dir='ltr'><em>δε</em></span> 
     </span>
     <span class='ocr_line' id='line_1_34' title="bbox 270 2381 1939 2433; baseline 0.001 -15"><span class='ocrx_word' id='word_1_415' title='bbox 270 2384 376 2428; x_wconf 85' lang='grc' dir='ltr'><em>δῆμος</em></span> <span class='ocrx_word' id='word_1_416' title='bbox 404 2383 422 2418; x_wconf 88' lang='grc' dir='ltr'><strong><em>ὁ</em></strong></span> <span class='ocrx_word' id='word_1_417' title='bbox 453 2386 522 2418; x_wconf 78' lang='grc' dir='ltr'><em>τῶν</em></span> <span class='ocrx_word' id='word_1_418' title='bbox 538 2384 736 2425; x_wconf 74' lang='grc' dir='ltr'><em>Ἀθηναίων</em></span> <span class='ocrx_word' id='word_1_419' title='bbox 764 2382 996 2424; x_wconf 75' lang='grc' dir='ltr'><em>ἐξαπατηθεὶς</em></span> <span class='ocrx_word' id='word_1_420' title='bbox 1023 2383 1127 2419; x_wconf 75' lang='grc' dir='ltr'><em>ἔδωκε’</em></span> <span class='ocrx_word' id='word_1_421' title='bbox 1156 2385 1187 2417; x_wconf 84' lang='grc' dir='ltr'><em>οἱ</em></span> <span class='ocrx_word' id='word_1_422' title='bbox 1216 2386 1287 2433; x_wconf 78' lang='grc' dir='ltr'><em>τῶν</em></span> <span class='ocrx_word' id='word_1_423' title='bbox 1316 2384 1430 2419; x_wconf 81' lang='grc' dir='ltr'><em>α’στῶν</em></span> <span class='ocrx_word' id='word_1_424' title='bbox 1457 2383 1653 2426; x_wconf 79' lang='grc' dir='ltr'><em>καταλέξας</em></span> <span class='ocrx_word' id='word_1_425' title='bbox 1682 2381 1815 2428; x_wconf 80' lang='grc' dir='ltr'><em>ἄνδρας</em></span> <span class='ocrx_word' id='word_1_426' title='bbox 1843 2387 1939 2420; x_wconf 78' lang='grc' dir='ltr'><em>τού-</em></span> 
     </span>
     <span class='ocr_line' id='line_1_35' title="bbox 271 2445 1939 2491; baseline 0.002 -11"><span class='ocrx_word' id='word_1_427' title='bbox 271 2459 369 2485; x_wconf 86' lang='grc' dir='ltr'><em>τους</em></span> <span class='ocrx_word' id='word_1_428' title='bbox 393 2447 432 2480; x_wconf 81' lang='grc' dir='ltr'><em>οῒ</em></span> <span class='ocrx_word' id='word_1_429' title='bbox 454 2445 651 2491; x_wconf 83' lang='grc' dir='ltr'><em>δορυφόροι</em></span> <span class='ocrx_word' id='word_1_430' title='bbox 672 2447 819 2489; x_wconf 76' lang='grc' dir='ltr'><em>μὲνόὐκ</em></span> <span class='ocrx_word' id='word_1_431' title='bbox 842 2445 1003 2488; x_wconf 75' lang='grc' dir='ltr'><em>ἐγένοντο</em></span> <span class='ocrx_word' id='word_1_432' title='bbox 1031 2446 1303 2490; x_wconf 73' lang='grc' dir='ltr'><em>Πεισιστράτου,</em></span> <span class='ocrx_word' id='word_1_433' title='bbox 1328 2446 1563 2491; x_wconf 79' lang='grc' dir='ltr'><em>κορυνηφόροι</em></span> <span class='ocrx_word' id='word_1_434' title='bbox 1586 2447 1632 2480; x_wconf 80' lang='grc' dir='ltr'><em>δὲ.</em></span> <span class='ocrx_word' id='word_1_435' title='bbox 1681 2448 1707 2488; x_wconf 86' lang='lat'><em>1,</em></span> <span class='ocrx_word' id='word_1_436' title='bbox 1733 2448 1792 2480; x_wconf 80' lang='lat'><em>74:</em></span> <span class='ocrx_word' id='word_1_437' title='bbox 1818 2448 1880 2490; x_wconf 82' lang='grc' dir='ltr'><em>τὴν</em></span> <span class='ocrx_word' id='word_1_438' title='bbox 1902 2450 1939 2484; x_wconf 73' lang='grc' dir='ltr'><em>δὲ</em></span> 
     </span>
     <span class='ocr_line' id='line_1_36' title="bbox 270 2507 1940 2554; baseline 0.002 -11"><span class='ocrx_word' id='word_1_439' title='bbox 270 2508 487 2554; x_wconf 81' lang='grc' dir='ltr'><em>μεταλλαγὴν</em></span> <span class='ocrx_word' id='word_1_440' title='bbox 514 2510 642 2549; x_wconf 85' lang='grc' dir='ltr'><em>ταύτην</em></span> <span class='ocrx_word' id='word_1_441' title='bbox 670 2510 730 2550; x_wconf 81' lang='grc' dir='ltr'><em>τῆς</em></span> <span class='ocrx_word' id='word_1_442' title='bbox 757 2507 879 2553; x_wconf 80' lang='grc' dir='ltr'><em>ἡμέρης</em></span> <span class='ocrx_word' id='word_1_443' title='bbox 903 2509 1017 2549; x_wconf 80' lang='grc' dir='ltr'><em>Θαλῆς</em></span> <span class='ocrx_word' id='word_1_444' title='bbox 1049 2508 1067 2542; x_wconf 90' lang='grc' dir='ltr'><em>ὁ</em></span> <span class='ocrx_word' id='word_1_445' title='bbox 1094 2509 1266 2550; x_wconf 63' lang='grc' dir='ltr'><em>,Μιλήσιος</em></span> <span class='ocrx_word' id='word_1_446' title='bbox 1295 2514 1384 2543; x_wconf 86' lang='grc' dir='ltr'><em>τοῖσι</em></span> <span class='ocrx_word' id='word_1_447' title='bbox 1406 2507 1499 2543; x_wconf 81' lang='grc' dir='ltr'><em>Ἴωσι</em></span> <span class='ocrx_word' id='word_1_448' title='bbox 1523 2509 1753 2553; x_wconf 80' lang='grc' dir='ltr'><em>προηγόρευσε</em></span> <span class='ocrx_word' id='word_1_449' title='bbox 1778 2512 1940 2551; x_wconf 77' lang='grc' dir='ltr'><em>ἔσεσθαι.</em></span> 
     </span>
     <span class='ocr_line' id='line_1_37' title="bbox 274 2568 1940 2617; baseline 0.002 -10"><span class='ocrx_word' id='word_1_450' title='bbox 274 2568 379 2617; x_wconf 82' lang='grc' dir='ltr'><em>οὖρον</em></span> <span class='ocrx_word' id='word_1_451' title='bbox 407 2573 626 2616; x_wconf 74' lang='grc' dir='ltr'><em>προθέμενος</em></span> <span class='ocrx_word' id='word_1_452' title='bbox 654 2572 814 2606; x_wconf 74' lang='grc' dir='ltr'><em>ἐνιαυτὸν</em></span> <span class='ocrx_word' id='word_1_453' title='bbox 842 2575 989 2607; x_wconf 85' lang='grc' dir='ltr'><em>τοῦτον</em></span> <span class='ocrx_word' id='word_1_454' title='bbox 1019 2577 1060 2606; x_wconf 79' lang='grc' dir='ltr'><em>ἐν</em></span> <span class='ocrx_word' id='word_1_455' title='bbox 1088 2574 1142 2615; x_wconf 81' lang='grc' dir='ltr'><em>τῷ</em></span> <span class='ocrx_word' id='word_1_456' title='bbox 1163 2572 1205 2614; x_wconf 77' lang='grc' dir='ltr'><em>δὴ</em></span> <span class='ocrx_word' id='word_1_457' title='bbox 1227 2575 1285 2606; x_wconf 83' lang='grc' dir='ltr'><em>καὶ</em></span> <span class='ocrx_word' id='word_1_458' title='bbox 1309 2572 1442 2615; x_wconf 60' lang='grc' dir='ltr'><em>ἐγένετο</em></span> <span class='ocrx_word' id='word_1_459' title='bbox 1468 2571 1486 2613; x_wconf 79' lang='grc' dir='ltr'><strong><em>ὴ</em></strong></span> <span class='ocrx_word' id='word_1_460' title='bbox 1509 2573 1694 2616; x_wconf 81' lang='grc' dir='ltr'><em>μεταβολή.</em></span> <span class='ocrx_word' id='word_1_461' title='bbox 1743 2576 1771 2615; x_wconf 79' lang='lat'><em>1,</em></span> <span class='ocrx_word' id='word_1_462' title='bbox 1799 2575 1882 2608; x_wconf 75' lang='lat'><em>167:</em></span> <span class='ocrx_word' id='word_1_463' title='bbox 1908 2580 1940 2610; x_wconf 81' lang='lat' dir='ltr'><em>oi</em></span> 
     </span>
     <span class='ocr_line' id='line_1_38' title="bbox 272 2633 1942 2681; baseline 0.001 -12"><span class='ocrx_word' id='word_1_464' title='bbox 272 2635 309 2669; x_wconf 82' lang='grc' dir='ltr'><em>δὲ</em></span> <span class='ocrx_word' id='word_1_465' title='bbox 337 2636 450 2669; x_wconf 82' lang='grc' dir='ltr'><em>αὐτῶν</em></span> <span class='ocrx_word' id='word_1_466' title='bbox 477 2639 511 2675; x_wconf 74' lang='grc' dir='ltr'><em>ἐς</em></span> <span class='ocrx_word' id='word_1_467' title='bbox 538 2637 578 2668; x_wconf 85' lang='grc' dir='ltr'><em>τὸ</em></span> <span class='ocrx_word' id='word_1_468' title='bbox 603 2633 742 2677; x_wconf 84' lang='grc' dir='ltr'><em>Ῥήγιον</em></span> <span class='ocrx_word' id='word_1_469' title='bbox 773 2637 1034 2681; x_wconf 84' lang='grc' dir='ltr'><em>καταφυγόντες</em></span> <span class='ocrx_word' id='word_1_470' title='bbox 1065 2634 1228 2668; x_wconf 74' lang='grc' dir='ltr'><em>ἐνθεῦτεν</em></span> <span class='ocrx_word' id='word_1_471' title='bbox 1261 2636 1459 2678; x_wconf 80' lang='grc' dir='ltr'><em>όρμεόμενοι</em></span> <span class='ocrx_word' id='word_1_472' title='bbox 1479 2637 1628 2669; x_wconf 55' lang='grc' dir='ltr'><em>γἔκτισαν</em></span> <span class='ocrx_word' id='word_1_473' title='bbox 1660 2637 1763 2669; x_wconf 73' lang='grc' dir='ltr'><em>πόλιν</em></span> <span class='ocrx_word' id='word_1_474' title='bbox 1791 2639 1853 2680; x_wconf 69' lang='grc' dir='ltr'><em>γῆς</em></span> <span class='ocrx_word' id='word_1_475' title='bbox 1883 2641 1942 2679; x_wconf 74' lang='grc' dir='ltr'><em>τῆς</em></span> 
     </span>
     <span class='ocr_line' id='line_1_39' title="bbox 277 2698 1943 2742; baseline 0.001 -10"><span class='ocrx_word' id='word_1_476' title='bbox 277 2699 464 2742; x_wconf 84' lang='grc' dir='ltr'><em>Οὶνωτρίης</em></span> <span class='ocrx_word' id='word_1_477' title='bbox 492 2699 643 2739; x_wconf 79' lang='grc' dir='ltr'><em>ταύτην</em></span> <span class='ocrx_word' id='word_1_478' title='bbox 669 2698 759 2738; x_wconf 80' lang='grc' dir='ltr'><em>ἥτις</em></span> <span class='ocrx_word' id='word_1_479' title='bbox 785 2701 845 2732; x_wconf 83' lang='grc' dir='ltr'><em>νῦν</em></span> <span class='ocrx_word' id='word_1_480' title='bbox 868 2698 959 2738; x_wconf 75' lang='grc' dir='ltr'><em>Ὑέλη</em></span> <span class='ocrx_word' id='word_1_481' title='bbox 983 2699 1148 2732; x_wconf 76' lang='grc' dir='ltr'><em>καλέεται.</em></span> <span class='ocrx_word' id='word_1_482' title='bbox 1196 2699 1242 2731; x_wconf 82' lang='lat' dir='ltr'><em>Ex</em></span> <span class='ocrx_word' id='word_1_483' title='bbox 1267 2701 1313 2731; x_wconf 82' lang='lat' dir='ltr'><em>his</em></span> <span class='ocrx_word' id='word_1_484' title='bbox 1338 2701 1432 2736; x_wconf 63' lang='lat' dir='ltr'>igitur</span> <span class='ocrx_word' id='word_1_485' title='bbox 1455 2700 1533 2732; x_wconf 77' lang='lat' dir='ltr'>loeis</span> <span class='ocrx_word' id='word_1_486' title='bbox 1558 2702 1714 2742; x_wconf 68' lang='lat' dir='ltr'>sequitur,</span> <span class='ocrx_word' id='word_1_487' title='bbox 1745 2712 1851 2734; x_wconf 76' lang='lat' dir='ltr'>amare</span> <span class='ocrx_word' id='word_1_488' title='bbox 1875 2704 1943 2734; x_wconf 68' lang='lat' dir='ltr'><em>He-</em></span> 
     </span>
    </p>

    <p class='ocr_par' dir='ltr' id='par_1_5' title="bbox 1487 2764 1506 2786">
     <span class='ocr_line' id='line_1_40' title="bbox 1487 2764 1506 2786; baseline 0 0"><span class='ocrx_word' id='word_1_489' title='bbox 1487 2764 1506 2786; x_wconf 72' lang='lat'><em>¹)</em></span> 
     </span>
    </p>
   </div>
   <div class='ocr_carea' id='block_1_4' title="bbox 1488 2787 1505 2795">
    <p class='ocr_par' dir='ltr' id='par_1_6' title="bbox 1488 2787 1505 2795">
     <span class='ocr_line' id='line_1_41' title="bbox 1488 2787 1505 2795; baseline 0 0"><span class='ocrx_word' id='word_1_490' title='bbox 1488 2787 1505 2795; x_wconf 62' lang='lat' dir='ltr'><em>v</em></span> 
     </span>
    </p>
   </div>
  </div>
 </body>
</html>
