2138 3107
1012 297 1035 334 4

184 425 293 464 bebat,
326 424 407 457 falso
432 424 585 457 Croesum
616 423 676 457 dici
708 423 792 457 nullo
817 422 963 457 Solonem
994 422 1064 455 loco
1097 421 1252 455 habuisse.
1298 418 1374 453 lllud
1404 428 1482 452 vero
1507 418 1598 451 facile
1628 419 1789 461 perspexit
1812 420 1860 452 vir

185 487 405 530 doctissimus,
438 498 557 531 graeca
587 491 621 520 ut
649 488 739 520 fieret
767 488 885 529 oratio,
915 485 1129 520 emendatione
1161 493 1240 527 opus
1270 493 1359 524 csse,
1392 484 1497 526 itaque
1526 486 1645 515 textum
1674 482 1734 514 hoc
1764 482 1857 514 modo

186 551 360 583 constituit:

298 639 435 674 Ταῦτα
470 638 584 683 λέγων
618 641 672 686 τῷ
696 637 852 686 Κροίσῳ
881 634 928 673 οὔ
960 648 1037 681 κως
1071 634 1284 685 ἐχαρίζετο,
1326 635 1346 670 ὁ
1383 633 1424 670 δὲ
1451 631 1565 680 λόγου
1601 646 1668 682 μιν
1696 631 1856 683 ποιησά-

294 724 412 759 μενος
441 709 603 757 οὐδενός
630 708 915 759 ἀποπέμπεται,
944 706 1062 760 κάρτα
1092 705 1208 753 δόξας
1235 704 1391 754 ἀμαθέα
1420 701 1517 743 εἶναι
1545 706 1622 743 κτλ.

186 803 245 835 hac
269 803 372 836 addita
397 804 669 845 interpretatione:
701 803 786 835 Haec
809 803 915 835 dicens
938 802 1059 834 minime
1082 805 1203 844 gratum
1228 810 1263 832 se
1287 800 1457 842 praebebat
1480 800 1620 840 Croeso,
1651 800 1708 832 sed
1733 801 1759 832 is
1783 801 1856 832 nul-

187 867 246 899 lam
280 868 350 909 ejus
382 868 535 900 rationem
565 867 685 900 habens
717 877 734 900 a
764 877 800 899 se
832 865 955 906 dimisit,
994 864 1135 897 inscitum
1168 862 1332 896 admodum
1362 872 1437 896 esse
1469 863 1626 896 hominem
1657 867 1759 903 ratus,
1805 864 1855 906 qui

186 931 365 970 praesentia
389 931 472 962 bona
497 931 641 962 omittens
665 930 757 961 finem
781 931 930 972 cujusque
952 929 997 961 rei
1017 929 1142 971 juberet
1165 928 1333 969 respicere.

275 992 345 1024 Jam
375 1003 470 1034 quum
498 1002 539 1025 ne
570 993 648 1024 hanc
674 992 799 1034 quidem
827 991 1061 1034 explicationem
1085 1001 1125 1023 ex
1153 991 1235 1022 omni
1257 993 1345 1032 parte
1374 990 1559 1022 satisfacere
1589 993 1752 1032 appareat,
1783 990 1855 1022 nihil

185 1055 268 1087 aliud
299 1059 411 1096 restat,
440 1065 533 1098 quam
560 1059 594 1087 ut
623 1065 692 1087 eam
718 1054 935 1097 interpretandi
960 1054 1126 1094 rationem,
1162 1064 1253 1095 quam
1283 1063 1376 1095 supra
1406 1052 1546 1085 secundo
1575 1053 1647 1085 loco
1677 1054 1853 1095 posuimus,

187 1118 381 1149 asciscamus
412 1121 443 1150 et
471 1118 567 1150 verba
591 1118 630 1150 ad
654 1118 803 1150 Solonem
831 1118 1023 1157 referamus,
1054 1116 1311 1159 quemadmodum
1336 1120 1367 1148 et
1389 1116 1551 1148 Bekkerus
1575 1115 1693 1148 fecisse
1724 1116 1854 1149 videtur.

185 1179 312 1213 Manum
336 1184 439 1213 autem
462 1180 614 1213 Herodoti
636 1180 677 1212 ita
701 1180 823 1212 demum
847 1180 1057 1219 restituemus,
1082 1179 1109 1211 si
1132 1179 1366 1221 scripserimus:

297 1269 433 1303 Ταῦτα
460 1268 575 1313 λέγων
602 1271 656 1316 τῷ
680 1267 836 1317 Κροίσῳ
865 1264 913 1302 οὔ
938 1280 1013 1311 κως
1041 1267 1249 1315 ἐχαρίζετο·
1286 1266 1356 1302 ἅτε
1385 1266 1426 1303 δὲ
1454 1265 1567 1311 λόγου
1596 1280 1662 1314 μιν
1691 1265 1851 1316 ποιησά-

295 1352 412 1386 μενος
442 1337 606 1383 οὐδενός
634 1337 918 1386 ἀποπέμπεται,
946 1337 1068 1389 κάρτα
1096 1337 1213 1384 δόξας
1241 1336 1400 1388 ἀμαθής
1428 1335 1522 1375 εἶναι
1550 1339 1627 1375 κτλ.

186 1442 269 1474 quae
286 1432 384 1464 verba
401 1435 433 1464 et
448 1431 634 1474 simplicitati
652 1432 812 1474 scriptoris
836 1432 885 1465 vel
909 1432 1040 1465 maxime
1060 1430 1292 1465 accommodata
1316 1435 1387 1464 sunt
1411 1432 1558 1474 etuipsius
1582 1431 1620 1464 de
1639 1431 1756 1465 Solone
1774 1442 1850 1465 nar-

185 1494 299 1527 rationi
329 1498 507 1537 congruunt
535 1498 567 1526 et
595 1498 658 1526 tum
686 1504 812 1526 causam
841 1494 1006 1526 dimittendi
1035 1499 1098 1526 tum
1128 1505 1219 1536 quam
1248 1494 1287 1525 de
1311 1504 1347 1525 se
1377 1496 1553 1535 opinionem
1583 1496 1613 1527 in
1637 1497 1723 1538 regis
1751 1498 1852 1528 animo

186 1557 349 1600 reliquerit
377 1556 519 1590 indicant.
565 1557 650 1590 Hanc
680 1557 761 1589 enim
790 1557 903 1590 habent
932 1558 1131 1590 sententiam:
1155 1557 1240 1589 Haec
1271 1556 1378 1589 dicens
1409 1557 1529 1589 Croeso
1558 1559 1734 1600 neutiquam
1763 1563 1850 1602 grata

185 1621 374 1662 loquebatur
383 1631 392 1659 ;
421 1621 566 1662 quoniam
591 1624 692 1652 autem
716 1620 829 1651 nullam
853 1621 921 1662 ejus
943 1621 1095 1652 rationem
1118 1620 1282 1660 habuerat,
1316 1620 1488 1660 dimittitur,
1522 1621 1665 1654 indoctus
1690 1622 1852 1654 admodum

185 1684 290 1722 visus,
323 1683 377 1725 qui
404 1683 621 1725 praesentibus
651 1683 743 1715 bonis
776 1683 901 1715 omissis
929 1683 1021 1716 finem
1051 1684 1206 1726 quusque
1232 1683 1280 1715 rei
1305 1683 1432 1726 juberet
1455 1684 1597 1726 spectari.
1643 1683 1749 1725 ltaque
1773 1694 1853 1726 quac

185 1746 344 1779 hocloco
374 1745 541 1787 habemus,
570 1755 608 1778 ea
636 1755 696 1778 nos
724 1745 893 1778 admonent
922 1755 1029 1778 eorum
1058 1756 1138 1789 quae
1168 1756 1234 1788 cap.
1265 1745 1309 1778 30
1333 1747 1446 1788 scripta
1470 1750 1556 1778 sunt:
1586 1748 1604 1778 ό
1627 1748 1688 1788 μὲν
1710 1747 1854 1787 ἐλπίζων

184 1808 277 1843 εἶναι
306 1808 509 1850 ἀνθρώπων
536 1807 749 1851 ὀλβιώτατος
779 1811 891 1842 ταῦτα
914 1808 1095 1852 ἐπειρώτα,
1125 1809 1260 1842 Σόλων
1289 1808 1326 1843 δὲ
1353 1808 1452 1842 οὐδὲν
1479 1808 1735 1848 ὑποθωπεύσας
1764 1809 1854 1845 α’λλὰ

184 1872 234 1915 τῷ
256 1873 350 1905 ἐόντι
373 1870 592 1913 χρησάμενος
614 1872 712 1914 λέγει.

274 1935 439 1977 Reliquum
464 1938 527 1974 est,
552 1938 585 1966 ut
608 1944 688 1976 quae
711 1934 806 1967 suerit
828 1935 1025 1977 corruptelae
1049 1935 1141 1978 origo
1168 1935 1376 1967 ostendamus.
1423 1935 1552 1967 Librarii
1575 1945 1668 1977 quum
1693 1934 1752 1969 ἅτε
1776 1947 1854 1979 par-

184 1998 318 2038 ticulam,
342 2002 378 2029 ut
400 2007 484 2039 quae
505 1997 540 2029 in
562 1997 783 2038 superioribus
806 1998 964 2039 capitibus
986 1999 1127 2030 nondum
1151 1999 1353 2037 occurrisset,
1377 2001 1462 2030 tanto
1487 1997 1608 2030 facilius
1631 2000 1660 2030 in
1685 1995 1762 2033 οὔτε
1780 2011 1853 2032 mu-

183 2063 318 2101 tassent,
349 2058 387 2094 δὲ
417 2063 521 2092 autem
551 2063 584 2092 ut
614 2059 799 2102 saepissime
829 2060 1059 2103 neglexissent,
1091 2064 1163 2103 post
1195 2056 1304 2098 οὕκως
1334 2061 1469 2103 poliendi
1500 2061 1620 2093 scilicet
1647 2071 1741 2094 causa
1770 2063 1852 2095 altc—

182 2134 252 2156 rum
287 2120 365 2156 οὕτε
398 2123 601 2155 inserendum
634 2133 708 2155 esse
744 2124 1005 2156 existimaverunt.
1059 2123 1220 2166 Ἀμαθεα
1251 2128 1353 2156 autem
1385 2134 1442 2157 eos
1475 2125 1657 2158 correxisse
1692 2127 1853 2168 probabile

183 2189 248 2227 est,
280 2185 332 2228 qui
355 2189 454 2218 totum
484 2185 588 2218 locum
620 2184 659 2217 de
691 2184 811 2217 Croeso
841 2186 1017 2228 acciperent
1046 2186 1208 2228 verboque
1240 2186 1473 2228 ἀποπέμπεται
1496 2187 1627 2218 mediam
1650 2189 1852 2221 attribuerent

181 2252 378 2290 potestatem.

271 2374 362 2407 Alter
384 2374 475 2407 locus
501 2378 550 2407 est
572 2374 600 2415 1,
625 2373 685 2415 91,
709 2374 761 2406 ubi
786 2375 881 2418 vulgo
906 2374 982 2407 haec
1006 2375 1168 2417 leguntur:

288 2456 316 2512 ᾧ
341 2462 404 2500 καὶ
433 2460 480 2500 τό
510 2463 733 2500 τελευταῖον
760 2462 1124 2513 χρηστηριαζομένῳ
1153 2459 1233 2499 εἶπε
1268 2461 1316 2499 τά
1346 2460 1427 2500 εἶπε
1454 2464 1599 2516 Λοξίης
1628 2465 1713 2517 περὶ
1746 2465 1850 2516 ‘Lino-

286 2549 379 2573 νου·
411 2534 503 2573 οὐδὲ
532 2538 653 2572 τοῦτο
684 2535 875 2580 συνελαβε.

176 2629 237 2662 Pro
269 2628 435 2673 συνέλαβε
465 2633 514 2663 est
542 2630 573 2662 in
602 2629 689 2662 libris
720 2629 789 2662 fere
820 2629 961 2662 omnibus
990 2629 1112 2673 vulgari
1142 2639 1251 2662 errore
1280 2629 1458 2674 συνέβαλε,
1492 2632 1575 2674 quod
1605 2634 1663 2665 etsi
1691 2633 1741 2664 vel
1765 2633 1847 2676 Aug.

178 2693 325 2726 Matthiae
356 2694 490 2736 recepit,
524 2703 617 2726 nemo
642 2694 708 2736 jam
730 2693 874 2726 tuebitur.
922 2687 948 2736 ᾦ
976 2703 1069 2735 quum
1099 2693 1315 2727 consuetudini
1338 2695 1538 2729 Herodoteae
1563 2706 1578 2728 a
1604 2697 1636 2728 C.
1661 2687 1847 2729 L.'Strnvio
