2138 3107
1076 300 1098 336 7

249 429 363 470 solent,
388 438 482 471 quum
506 426 579 459 nihil
597 425 666 457 fere
689 425 751 457 sint
765 424 825 456 nisi
848 424 1042 458 indoctorum
1057 426 1212 459 hominum
1236 435 1371 459 errores.
1387 425 1425 471 *J
1451 426 1718 465 Quemadmodum
1737 426 1834 470 igitur
1857 426 1921 458 ho-

248 494 301 525 die
331 504 366 525 οι
389 496 421 524 et
449 503 479 524 ει
504 490 615 522 eodem
641 498 722 521 sono
747 492 840 530 atque
863 500 876 520 ι
898 489 1083 530 efferuntur,
1115 491 1160 522 sic
1189 491 1221 522 in
1244 490 1403 523 codicibus
1426 491 1541 532 passim
1565 490 1816 529 confunduntur;
1848 490 1920 522 hinc

248 556 447 599 promiscuus
479 553 649 586 verborum
673 549 768 590 οἰκὸς
792 554 823 584 et
845 550 936 591 εἰκὸς
958 562 1051 593 usus,
1084 553 1155 586 hinc
1178 553 1337 587 sollemnis
1361 553 1487 596 optativi
1512 557 1543 586 et
1565 553 1722 586 indicativi
1746 553 1918 586 formarum

248 619 443 661 permutatio.
489 618 623 649 Possum
652 619 803 648 sexcenta
832 626 873 648 ex
899 617 993 648 variis
1023 617 1226 659 scriptoribus
1256 617 1396 659 exempla
1425 616 1586 659 proferre,
1619 617 1677 648 sed
1708 618 1784 649 satis
1813 617 1916 649 habeo

248 691 442 715 memorasse
466 680 544 712 haec
569 688 610 710 ex
632 678 792 711 Herodoto
816 683 953 721 sumpta:
985 680 1026 720 ΙΙ,
1058 679 1100 712 93
1124 689 1179 722 pro
1205 679 1379 723 οἶστρος
1401 680 1516 712 habent
1538 681 1645 722 optimi
1670 680 1799 712 codices
1824 680 1853 712 S.
1880 681 1914 712 V.

247 746 300 787 qui
323 745 414 777 unius
439 746 511 775 sunt
542 742 675 774 familiae
698 740 855 784 ἰ’στρος,
896 743 940 783 ΙΙ,
966 742 1028 774 115
1058 753 1114 785 pro
1138 744 1277 780 ἱκέτας
1300 744 1391 775 habet
1414 743 1445 775 S.
1471 745 1660 783 οἰκέτας,
1693 743 1749 783 ΙΙΙ,
1785 743 1807 775 8
1832 743 1914 775 idem

245 808 330 840 τίσι
359 814 417 848 pro
447 807 573 845 τοῖσι,
602 804 657 845 ΙΙΙ,
684 804 745 837 113
776 805 909 838 ἐποίει
931 815 988 848 pro
1012 806 1138 847 ἐπείη,
1168 805 1226 847 1v,
1250 805 1290 838 31
1318 804 1406 839 οἶδε
1435 815 1492 848 pro
1516 804 1610 839 εἶδε.
1657 806 1705 838 Ne
1738 806 1809 848 quis
1833 816 1912 839 vero

244 869 424 903 offendatur
452 869 563 911 spiritu
594 879 706 911 aspero
736 870 925 911 pronominis
955 870 1003 910 οἱ,
1035 880 1128 911 quum
1159 871 1247 912 prior
1274 870 1361 902 verbi
1391 868 1461 902 εἶπε
1486 870 1603 912 syllaba
1627 870 1680 901 illo
1704 875 1828 910 careat,
1862 872 1911 902 vis

243 933 372 975 spiritus
403 933 473 975 ejus
496 936 615 964 mature
639 932 804 964 evanuisse
827 932 960 974 putanda
984 935 1048 973 est,
1081 933 1170 975 cujus
1194 932 1242 964 rei
1265 932 1296 963 in
1319 932 1479 964 codicibus
1503 937 1630 974 quoque
1654 934 1789 975 vestigia
1814 934 1909 965 inve-

245 996 305 1028 niri
336 1005 399 1028 non
432 1000 480 1028 est
511 995 594 1037 quod
625 996 771 1027 miremur
801 994 881 1039 (vid.
911 995 1027 1028 Herod.
1058 995 1101 1036 ΙΙ,
1135 995 1198 1027 169
1232 995 1284 1027 ubi
1308 994 1336 1028 S.
1367 994 1601 1035 ἐσώθησαν
1626 999 1657 1027 et
1679 995 1825 1036 ἐσώθη
1850 1006 1908 1039 pro

244 1058 502 1099 ἑσσώθησαν
525 1062 557 1090 et
578 1057 786 1102 ἑσσώθη),
817 1058 891 1090 illud
913 1068 991 1091 vero
1015 1062 1103 1090 recte
1126 1059 1265 1099 mireris,
1298 1057 1381 1100 quod
1405 1058 1556 1090 interdum
1580 1068 1617 1090 ea
1641 1068 1677 1090 re
1700 1059 1759 1090 viri
1783 1059 1907 1091 doctis-

243 1123 313 1154 simi
336 1123 367 1154 in
390 1132 529 1155 errorem
552 1126 623 1154 sunt
645 1122 769 1154 inducti.
814 1122 906 1159 Quod
934 1132 974 1154 ne
1004 1122 1053 1153 cui
1084 1125 1204 1154 temere
1227 1121 1339 1153 dictum
1363 1121 1518 1161 videatur,
1552 1131 1704 1163 apponam
1729 1123 1907 1164 exemplum

243 1189 415 1218 memoratu
439 1185 660 1229 dignissimum.
707 1184 735 1225 Ι,
762 1184 803 1216 18
826 1185 889 1217 init.
913 1188 1000 1217 recte
1023 1194 1105 1217 nunc
1128 1185 1257 1228 legitur:
1285 1185 1397 1217 ταῦτα
1420 1183 1547 1217 ποιέων
1570 1184 1730 1227 ἐπολέμεε
1753 1186 1832 1218 ἔτεα
1854 1189 1907 1218 ἕν-

241 1248 341 1287 δεκα,
372 1252 409 1282 ἐν
439 1250 529 1281 τοῖσι
560 1247 723 1291 τρώματα
745 1247 879 1291 μεγάλα
909 1247 1058 1291 διφάσια
1081 1247 1263 1287 Μιλησίων
1286 1246 1436 1288 ἐγένετο,
1468 1249 1505 1280 ἕν
1527 1259 1563 1280 τε
1586 1248 1765 1291 Λιμενηίῳ
1790 1249 1906 1291 χώρης

241 1312 299 1351 τῆς
322 1311 487 1354 σφετέρης
507 1310 758 1354 μαχεσαμένων
779 1310 838 1344 καὶ
861 1313 898 1343 ἐν
921 1309 1133 1354 Μαιάνδρου
1154 1309 1269 1352 πεδίῳ.
1308 1310 1409 1348 Quum
1432 1311 1462 1341 in
1491 1311 1647 1343 nonnullis
1676 1312 1780 1353 iisque
1809 1316 1905 1344 vetu—

243 1375 388 1406 stissimis
412 1374 498 1406 libris
520 1377 625 1406 exstet
654 1375 691 1406 ἔν
713 1384 749 1406 τε
771 1376 808 1405 ἐν
829 1373 1023 1416 Λιμενηίῳ,
1052 1373 1130 1405 haec
1153 1374 1305 1414 scriptura
1326 1373 1402 1404 viris
1427 1372 1526 1404 doctis
1549 1374 1625 1405 mira
1648 1375 1905 1406 comminiscendi

238 1438 440 1470 occasionem
462 1437 618 1479 praebuit;
648 1436 750 1469 Iacob.
779 1436 861 1468 enim
884 1435 1064 1469 Gronovius
1086 1436 1199 1469 laudati
1228 1436 1276 1469 sui
1300 1435 1417 1468 codicis
1441 1436 1573 1468 Medicei
1595 1438 1800 1478 patrocinium
1825 1448 1903 1471 sus-

238 1501 357 1542 cipiens
388 1502 426 1533 ἔν
454 1511 491 1533 τε
522 1500 663 1532 absolute
686 1500 820 1541 positum
842 1499 963 1531 dicebat
986 1499 1242 1541 explicabatquc:
1273 1499 1353 1530 inter
1376 1499 1451 1539 alia,
1476 1499 1507 1530 in
1529 1499 1594 1539 his;
1624 1499 1800 1543 Schweigh.
1823 1511 1902 1533 vero

238 1566 312 1604 post
337 1563 496 1595 Reiskium
519 1566 556 1596 ἐν
578 1563 755 1605 Λιμενηΐῳ
780 1572 820 1594 ex
841 1563 944 1603 prisco
972 1562 1129 1594 scribendi
1151 1572 1211 1594 usu
1242 1562 1323 1594 idem
1351 1562 1456 1593 valere
1484 1563 1609 1603 putabat
1638 1567 1731 1603 atque
1754 1562 1903 1605 Ἐλλιμε-

239 1626 333 1668 νηΐῳ,
357 1625 418 1658 hoc
441 1629 542 1658 autem
567 1635 640 1657 esse
663 1624 725 1657 loci
746 1634 874 1664 nomen,
898 1625 949 1656 ubi
972 1634 1076 1668 pugna
1100 1625 1148 1657 illa
1171 1625 1212 1657 sit
1241 1625 1414 1657 commissa.
1461 1625 1532 1656 Vitii
1556 1625 1711 1668 originem
1734 1635 1807 1658 num
1831 1627 1901 1669 quis

237 1689 423 1730 patefecerit
451 1689 579 1728 nescio;
607 1689 679 1720 mihi
702 1688 825 1730 quidem
849 1692 909 1720 tam
931 1688 1093 1720 manifesta
1115 1688 1238 1720 videtur
1261 1698 1350 1727 esse,
1381 1692 1413 1719 ut
1442 1688 1570 1719 dubitari
1594 1693 1739 1730 nequeat.
1787 1690 1902 1721 Libra-

238 1752 303 1784 rius
332 1761 465 1794 namque
496 1750 700 1784 antecedente
727 1750 879 1784 vocabulo
907 1748 1054 1794 διφάσια
1077 1750 1225 1793 deceptus
1248 1750 1511 1793 praepositionem
1534 1753 1571 1784 ἐν
1594 1761 1664 1784 cum
1688 1752 1839 1785 numerali
1863 1756 1902 1786 ἕν

236 1815 391 1854 confudit,
423 1815 504 1847 illam
536 1819 638 1847 tamen
667 1824 762 1856 quum
790 1814 906 1846 deesse
936 1824 999 1846 non
1030 1823 1126 1855 posse
1154 1814 1377 1853 intellexisset,
1409 1818 1481 1855 post
1503 1814 1643 1846 inseruit.
1690 1815 1785 1847 Plane
1810 1815 1901 1847 simili

237 1877 331 1910 modo
355 1877 395 1917 ll,
418 1877 479 1918 43,
511 1877 563 1909 ubi
587 1881 674 1909 recte
696 1877 829 1921 legitur:
861 1876 973 1910 πολλοὶ
995 1888 1054 1919 μοι
1076 1876 1134 1909 καὶ
1158 1872 1249 1909 ἄλλα
1272 1875 1434 1919 τεκμήρια
1457 1880 1529 1910 ἐστι
1551 1878 1654 1910 τοῦτο
1679 1875 1771 1910 οὕτω
1795 1880 1900 1919 ἔχειν,

234 1944 273 1974 ἐν
295 1940 333 1974 δὲ
354 1940 413 1973 καὶ
437 1939 532 1980 τόδε,
568 1944 600 1973 et
622 1941 650 1981 1,
682 1940 763 1981 192,
794 1940 848 1973 ubi
880 1944 945 1973 est:
977 1938 1038 1981 τὴν
1068 1938 1104 1971 δὲ
1138 1938 1284 1982 δύναμιν
1306 1940 1376 1972 τῶν
1399 1938 1633 1983 Βαβυλονίων
1656 1940 1816 1973 πολλοῖσι
1837 1942 1901 1983 μὲν

234 2004 294 2037 καὶ
323 1999 460 2037 ἄλλοισι
491 2003 632 2044 δηλώσω
658 2023 703 2028 -
732 2006 770 2037 ἐν
797 2003 835 2037 δὲ
862 2002 903 2044 δη
931 2004 989 2036 καὶ
1016 2002 1100 2045 τῷδε
1127 2002 1196 2034 libri
1220 2002 1341 2044 quidam
1364 2004 1402 2035 ἒν
1425 2002 1461 2036 δὲ
1486 2003 1639 2034 exhibent
1687 2003 1834 2036 Ceterum
1858 2005 1899 2037 cf.

232 2067 288 2108 ΙΙΙ,
321 2067 401 2099 128:
432 2066 720 2110 α’ποπειρεόμενος
748 2066 786 2101 δὲ
808 2067 877 2099 τῶν
899 2065 1103 2110 δορυφόρων
1129 2064 1242 2099 ἐδίδου
1270 2063 1316 2099 τὰ
1339 2064 1458 2109 βιβλία
1481 2064 1500 2099 ὁ
1524 2065 1706 2108 Βαγαῖος,
1738 2066 1768 2099 εἳ
1792 2068 1826 2101 οἱ
1849 2071 1902 2101 ὲν-

233 2128 396 2171 δεξαίατο
421 2128 617 2167 α’πόστασιν
640 2128 697 2163 ἀπ’
715 2128 887 2171 Ὀροίτεω,
911 2129 963 2162 ubi
986 2130 1023 2162 οἱ
1045 2132 1117 2171 post
1138 2129 1170 2162 εἰ
1194 2128 1225 2160 in
1249 2129 1371 2170 optimis
1393 2128 1478 2161 libris
1502 2129 1652 2161 omissum
1677 2129 1819 2162 editores
1842 2140 1900 2163 re-

234 2194 394 2225 centiores
417 2194 593 2225 rectissime
617 2203 660 2225 ex
684 2192 715 2225 S.
738 2203 900 2235 recepere.

324 2257 491 2290 Veniamus
504 2258 569 2300 jam
592 2256 631 2290 ad
653 2257 776 2290 tertium
799 2256 912 2298 locum,
936 2257 988 2299 qui
1009 2255 1144 2298 inprimis
1162 2254 1349 2288 documento
1374 2258 1433 2296 est,
1449 2265 1508 2297 qua
1526 2255 1719 2298 indulgentia
1734 2257 1795 2289 viri
1815 2257 1900 2290 docti

233 2328 330 2360 saepe
344 2319 393 2351 vel
409 2320 600 2362 ineptissima
618 2319 717 2352 ferant
732 2324 764 2351 et
782 2320 884 2362 aliquo
902 2318 993 2351 inodo
1013 2327 1163 2350 excusare
1179 2318 1283 2359 potius
1299 2317 1441 2349 studeant
1456 2327 1547 2359 quam
1565 2321 1598 2350 ut
1618 2318 1763 2351 codicum
1781 2323 1896 2352 aucto-

233 2384 312 2415 ritati
336 2383 480 2415 diffidere
504 2384 645 2416 audeant.
684 2384 740 2416 Est
762 2388 864 2416 autem
888 2384 914 2416 is
937 2383 1025 2415 locus
1047 2382 1069 2422 Ι,
1096 2381 1168 2421 106,
1191 2382 1243 2414 ubi
1266 2382 1411 2424 vulgatae
1434 2381 1590 2414 editiones
1614 2382 1693 2415 haec
1716 2383 1848 2415 habent:

338 2474 458 2521 χωρὶς
485 2476 555 2523 μὲν
582 2473 654 2525 γὰρ
684 2474 816 2526 φόρων
844 2477 1039 2525 ἔπρησσον
1067 2476 1153 2522 παρ’
1174 2471 1344 2510 ἑκάστων
1372 2471 1416 2509 τό
1447 2472 1646 2510 ἑκάστοισι
1676 2476 1897 2519 ἐπέβαλλον·

338 2546 456 2596 χωρὶς
485 2546 526 2583 δὲ
554 2551 627 2583 τοῦ
649 2545 773 2598 φόρου
803 2547 971 2599 ἥρπαζον
997 2543 1309 2596 περιελαύνοντες
1332 2549 1451 2581 τοῦτο
1481 2544 1502 2581 ὃ
1520 2558 1555 2580 τι
1587 2546 1710 2593 ἔχοιεν
1731 2548 1899 2584 ἕκαστοι.

275 2699 313 2742 *)
341 2704 377 2732 cs.
397 2711 470 2740 quae
489 2703 548 2731 dixi
567 2703 595 2731 in
617 2703 826 2732 commentariis
845 2703 952 2732 Monac.
972 2698 1128 2742 (Gelelerle
1146 2696 1316 2740 Anzeiqen]
1337 2710 1360 2729 a.
1385 2700 1477 2728 1843.
1498 2708 1571 2729 num.
1597 2701 1659 2729 126
1680 2705 1709 2730 et
1731 2702 1804 2731 127.
