2138 3107
338 0 370 11 τ’
400 0 1224 27 '³”1sffl]·}.*„·'ziffiwwff;÷†¹>WQWW‘>*W
1256 0 1262 4 ·
1366 0 1371 3 “

1073 289 1117 327 15

265 423 425 458 αὐτόθι
445 421 615 468 μαντήϊον
642 421 679 452 ὲκ
703 414 857 449 παλαιοῦ
880 413 1072 457 ἱδρυμένον,
1102 416 1151 459 τῷ
1169 412 1286 455 Ἴωνές
1313 428 1349 449 τε
1372 415 1497 455 πάντες
1519 416 1578 450 καὶ
1600 415 1748 454 Αἰολέες
1771 414 1934 450 ἐώθεσαν

264 486 445 529 χρέεσθαι,
493 486 512 520 ό
542 484 584 517 δὲ
615 482 754 523 χῶρος
783 472 907 517 οὗτός
936 482 1026 513 ἐστι
1048 480 1119 520 τῆς
1142 479 1349 521 Μιλησίης
1371 478 1470 523 ὑπὲρ
1493 480 1726 524 Πανόρμου
1748 479 1930 524 λιμένος.

262 550 304 592 V,
336 550 396 583 36:
428 552 457 583 εἰ
489 548 526 581 δὲ
557 544 604 578 τὰ
634 541 797 585 χρήματα
825 542 1046 584 καταιρεθείη
1075 541 1121 594 τὰ
1151 546 1187 576 ἐκ
1217 544 1282 577 τοῦ
1303 542 1377 585 ἱροῦ
1407 545 1470 576 τοῦ
1500 546 1543 577 ἐν
1565 542 1835 587 Βραγχίδῃσι
1857 543 1930 576 κτλ.

262 613 288 654 1,
319 614 380 647 46:
412 609 614 662 dtoeqproess'
646 601 775 643 ἄλλους
805 601 905 649 ἄλλῃ,
937 605 1017 644 τοὺς
1045 598 1107 649 μὲν
1129 609 1164 645 ἐς
1186 605 1348 653 Δελφοὺς
1378 602 1484 647 ἰέναι,
1514 605 1595 646 τοὺς
1617 603 1655 640 δὲ
1678 610 1714 645 ἐς
1734 602 1842 650 Ἄβας
1865 605 1930 646 τὰς

264 676 429 716 Φωκέων,
452 666 534 710 τοὺς
557 669 595 703 δὲ
617 671 652 707 ἐς
677 666 865 709 Δωδώνην·
894 670 926 702 οἱ
949 666 987 702 δέ
1010 681 1098 708 τινες
1121 668 1309 713 ἐπέμποντο
1333 669 1429 713 παρά
1451 682 1486 704 τε
1508 669 1728 717 Ἀμφιάρεων
1750 670 1809 704 καὶ
1832 667 1929 713 παρὰ

265 727 493 784 Τροῷνιρν,
522 734 555 765 οἱ
579 730 614 764 δὲ
646 732 714 785 τῆς
737 731 941 779 Μιλησίης
969 736 1008 769 ἐς
1031 732 1287 775 Βραγχίδας.
1335 734 1413 771 Quid
1437 734 1556 766 multa?
1584 734 1685 776 Hujus
1708 734 1842 766 nominis
1866 743 1927 765 ea-

261 801 332 833 dem
343 808 437 846 quae
461 795 653 838 Delphorum
677 781 724 827 est
747 795 834 836 ratio,
859 799 890 828 ut
914 800 944 828 et
967 796 1027 828 loci
1051 800 1082 828 et
1106 796 1303 828 incolentium
1328 796 1438 829 habeat
1460 796 1738 840 significatione1n3
1762 796 1802 829 cf.
1827 796 1925 829 Strab.

263 862 350 902 XIV,
377 861 392 892 1
421 858 558 903 (p.165
584 858 654 891 edit.
679 857 847 902 Tauchn.:J
869 870 954 902 μετα
976 858 1013 892 δὲ
1034 858 1074 891 τὸ
1099 858 1287 893 Ποσείδιον
1316 858 1355 892 τὸ
1381 859 1554 899 ,Μιλήσιον
1581 858 1658 899 ἑξῆς
1680 863 1752 892 ἐστι
1775 861 1815 892 τὸ
1838 871 1926 902 μαν-

258 930 351 959 τεῖον
374 924 438 956 τοῦ
462 921 660 964 Δινδυμὲως
682 920 908 961 Ἀπόλλωνος,
932 921 978 955 τὸ
1002 925 1045 955 ὲν
1070 921 1362 964 Βραγχίδαις,
1382 921 1555 965 α’ναβάντι
1579 921 1664 955 δ’σον
1688 922 1924 956 ὀκτωκαίδεκα

260 986 437 1025 σταδίοις’
467 973 658 1028 ἐιεπρησθη
690 984 716 1018 δ’
747 983 811 1019 ὑπὸ
837 984 984 1028 Ξέρξου,
1015 984 1179 1027 καθάπερ
1203 986 1261 1019 καὶ
1284 984 1328 1019 τὰ
1352 981 1442 1019 ἄλλα
1466 982 1540 1028 ἱεροὶ
1562 984 1650 1033 πλὴν
1671 987 1735 1019 τοῦ
1757 990 1794 1019 ἐν
1816 984 1923 1030 Ἐφέ-

260 1060 326 1083 σω·
358 1050 396 1083 οἱ
425 1049 462 1083 δὲ
488 1048 731 1102 Βραγχίδαι
758 1047 838 1086 τούς
861 1047 1062 1091 θησαυροὺς
1092 1050 1154 1082 τοῦ
1180 1048 1270 1081 θεοῦ
1296 1048 1506 1089 παραδόντες
1534 1049 1584 1091 τῷ
1606 1048 1727 1091 Πέρσῃ
1756 1048 1922 1092 φεύγοντι

259 1097 475 1155 συναπῆραν,
506 1101 581 1147 τῶ
590 1109 638 1162 fl)
664 1115 757 1145 τῖσαι
786 1111 883 1150 δίκας
914 1113 973 1152 τῆς
1003 1112 1193 1154 ἱεροσυλίας
1224 1122 1283 1144 και
1313 1113 1373 1151 τῆς
1402 1111 1598 1154 προδοσίας.
1638 1111 1801 1153 Ὕστερον
1829 1111 1857 1143 δ’
1889 1113 1921 1144 οἱ

259 1175 426 1217 Μιλησιοι
452 1174 612 1219 μέγιστον
641 1172 726 1208 νεών
752 1175 822 1207 τῶν
851 1173 991 1208 πάντων
1019 1172 1290 1213 κατεσκεύασαν,
1328 1172 1469 1218 διέμεινε
1498 1173 1534 1208 δὲ
1561 1186 1671 1217 χωρις
1700 1175 1834 1220 ὀροφῆς
1862 1172 1922 1208 διὰ

258 1238 298 1271 τὸ
321 1238 488 1281 μέγεθος·
512 1236 644 1281 κώμης
666 1237 766 1279 γοῦν
788 1237 1011 1269 κατοικίαν
1036 1237 1054 1268 0‘
1076 1237 1149 1269 τοῦ
1171 1237 1297 1276 σηκοῦ
1318 1235 1537 1280 περίβολος
1561 1236 1755 1269 δέδεκται
1778 1237 1836 1269 καὶ
1862 1233 1921 1269 ἅλ-

257 1312 319 1341 σος
338 1295 447 1352 λέντός
477 1312 513 1334 τε
551 1300 608 1333 καὶ
640 1298 736 1338 ἐκτὸς
769 1297 971 1337 πολυτελές·
1005 1294 1105 1333 ἄλλοι
1135 1298 1171 1332 δὲ
1195 1298 1292 1339 σηκοὶ
1320 1296 1361 1332 τὸ
1389 1303 1551 1342 μαντεῖον
1583 1300 1641 1332 καὶ
1670 1297 1715 1334 τά
1744 1297 1820 1341 ἱερὰ
1843 1309 1921 1333 συν-

254 1357 405 1407 έχοὶισιν-

343 1428 420 1459 Tota
449 1426 487 1459 de
516 1435 635 1471 genere
659 1426 800 1469 quaestio
832 1425 871 1457 ad
892 1425 984 1457 finem
1012 1425 1071 1457 erit
1094 1423 1256 1467 perducta,
1287 1425 1314 1457 si
1338 1424 1545 1468 nequidquam
1569 1426 1735 1468 provocari
1760 1425 1799 1458 ad
1823 1425 1918 1458 codi-

253 1502 323 1523 cum
346 1491 559 1523 auctoritatem
584 1475 624 1521 ef
635 1489 801 1521 lectionem
823 1489 899 1532 τῇσι
921 1487 1033 1520 mendo
1063 1487 1220 1519 dumtaxat
1250 1489 1422 1520 scribarum
1449 1488 1558 1520 deberi
1588 1488 1918 1521 demonstraverimus.

253 1555 289 1587 Ut
315 1555 396 1586 enim
420 1563 516 1596 supra
540 1552 731 1585 ostendimus
755 1562 812 1594 per
833 1551 1047 1593 pronuntiandi
1061 1551 1193 1593 ,modum
1218 1551 1332 1583 factum
1356 1562 1445 1591 esse,
1469 1556 1503 1584 ut
1525 1562 1752 1593 saepenumero
1778 1553 1920 1585 confun-

254 1617 402 1650 derentur
424 1617 453 1649 in
477 1616 564 1663 libris
587 1628 621 1649 οι
646 1620 676 1648 et
698 1628 728 1648 ει
751 1614 945 1657 diphthongi,
969 1615 1009 1646 ita
1033 1613 1160 1646 eandem
1184 1614 1225 1647 ob
1249 1624 1374 1647 causam
1397 1627 1416 1654 η
1442 1618 1472 1646 et
1494 1626 1529 1647 οι
1552 1616 1667 1656 passim
1691 1619 1764 1647 sunt
1785 1626 1918 1657 permu-

255 1684 335 1721 tata3
364 1680 435 1712 hinc
459 1683 490 1712 et
512 1679 578 1720 illa,
610 1688 690 1721 quae
715 1681 829 1710 tantum
851 1677 1058 1722 grammaticis
1081 1677 1197 1720 negotii
1221 1676 1373 1717 exhibuit,
1397 1676 1545 1709 librorum
1568 1678 1649 1710 inter
1672 1678 1863 1721 conjunctivi
1887 1681 1918 1711 et

254 1744 381 1786 optativi
405 1744 522 1776 formas
545 1742 710 1775 fluctuatio.
744 1741 838 1784 Cujus
855 1741 951 1773 reiut
969 1741 1068 1773 omnis
1092 1740 1238 1773 dubitatio
1263 1740 1444 1782 expellatur,
1469 1741 1576 1773 facere
1600 1750 1663 1773 non
1688 1750 1818 1783 possum
1842 1742 1917 1784 quin

253 1807 330 1839 haec
354 1806 478 1839 afferam
503 1805 661 1846 exempla:
683 1804 731 1845 ΙΙΙ,
762 1802 827 1836 137
850 1812 907 1846 pro
930 1805 1043 1836 τοῖσι
1067 1801 1312 1836 σκυτάλοισι
1336 1803 1480 1845 permulti
1497 1803 1626 1836 codices
1647 1804 1795 1837 exhibent
1823 1805 1916 1848 τῇσι

253 1867 496 1912 σκυτάλῃσι,
524 1868 593 1909 Vll,
623 1867 682 1907 63,
712 1867 764 1899 ubi
792 1870 878 1899 recte
907 1875 988 1898 nunc
1011 1865 1140 1909 legitur:
1171 1863 1319 1902 ἀσπίδας
1347 1864 1384 1899 δὲ
1407 1866 1466 1899 καὶ
1489 1865 1622 1910 αὶχμοὶς
1644 1867 1703 1901 καὶ
1727 1866 1917 1910 ἐγχειρίδια

252 1930 473 1974 παραπλήσια
495 1933 606 1963 τοῖσι
628 1929 903 1971 Αἰγυπτίοισι
926 1927 1035 1970 εἶχον,
1059 1928 1164 1971 optimi
1187 1928 1256 1960 libri
1278 1928 1393 1961 habent
1414 1930 1506 1973 τῇσι
1527 1928 1808 1974 Αἰγυπτίῃσι,
1832 1930 1916 1973 quod

251 1995 301 2027 vel
325 1994 500 2037 Schweigh.
524 1994 656 2035 recepit,
685 1993 726 2033 ll,
757 1991 820 2023 125
843 2000 900 2034 pro
925 1990 1038 2024 α’νίοι
1068 1990 1098 2023 S.
1121 1991 1157 2022 V.
1182 1987 1233 2024 ἂν
1255 1990 1332 2033 ε’ίη,
1362 1992 1416 2033 ΙΙΙ,
1445 1991 1485 2023 71
1512 2002 1570 2035 pro
1594 1991 1720 2031 οἶκας
1745 1993 1775 2026 S.
1799 1987 1917 2034 ἧκας,

251 2059 272 2099 Ι,
299 2057 340 2089 18
363 2067 420 2099 pro
444 2055 621 2098 οὐδαμοὶ
644 2054 763 2087 Ἰώνων
786 2054 816 2087 S.
840 2053 1009 2097 οὐδαμῆ.
1039 2054 1176 2086 vicissim
1198 2054 1222 2094 1,
1248 2054 1262 2085 1
1290 2064 1347 2096 pro
1371 2056 1610 2098 ναυτιλίῃσι
1632 2057 1813 2100 μακρῇσι
1835 2067 1918 2089 unus

250 2121 328 2153 liber
356 2120 485 2163 praebet
513 2121 727 2161 μακροῖσι,
757 2117 827 2149 ibid.
858 2127 915 2159 pro
940 2113 1087 2159 ἄλλῃσι
1115 2115 1233 2160 (intell.
1258 2117 1420 2161 γυναιξὶ)
1450 2118 1481 2150 S.
1506 2116 1689 2159 ἄλλοισι,
1719 2120 1761 2160 ΙΙ,
1791 2120 1835 2152 35
1859 2130 1918 2163 pro

250 2185 342 2228 τῇσι
371 2182 507 2216 ὁδοῖσι
534 2182 566 2214 F.
585 2182 704 2214 ,τοῖσι
728 2179 833 2225 (quod
862 2179 943 2213 idem
966 2183 1067 2212 exstat
1089 2179 1159 2221 vll,
1192 2179 1292 2225 114),
1333 2181 1362 2223 l,
1389 2180 1452 2214 195
1481 2191 1538 2225 pro
1567 2183 1660 2226 τῇσι
1685 2181 1919 2228 Βοιωτίῃσι

249 2247 373 2291 ἐμβάσι
397 2247 426 2278 S.
450 2247 485 2277 V.
509 2247 621 2277 τοῖσι
644 2244 915 2283 Βοιωτίοισι,
937 2244 992 2284 111,
1023 2243 1065 2274 93
1096 2253 1154 2285 pro
1182 2245 1275 2286 τῇσι
1300 2244 1464 2284 νήσοισι
1486 2246 1519 2277 F.
1543 2248 1667 2286 τοῖσι,
1690 2247 1762 2287 Vll,
1795 2247 1838 2278 10
1860 2257 1918 2290 pro

248 2308 413 2353 γνωμέων
437 2306 582 2342 α’ντιέων
606 2305 811 2349 ἀλλήλῃσι
834 2306 864 2339 S.
890 2304 1123 2346 ἀλλήλοισι,
1147 2305 1188 2346 ΙΙ,
1215 2306 1253 2338 11
1280 2316 1338 2349 pro
1362 2303 1382 2348 ἢ
1406 2306 1474 2350 ἐμέ
1498 2308 1528 2341 S.
1553 2306 1687 2351 οἶμαι,
1711 2309 1768 2350 lv,
1793 2309 1838 2342 20
1860 2320 1917 2353 pro

248 2371 477 2413 κατήκουσι
508 2371 613 2413 optimi
643 2368 769 2402 codices
799 2369 1064 2408 κατοίκουσι,
1098 2368 1126 2409 Ι,
1164 2368 1207 2401 92
1238 2380 1295 2412 pro
1329 2371 1547 2414 Προνηίης
1575 2373 1646 2412 τῆς
1676 2376 1713 2406 ἐν
1746 2373 1919 2417 Δελφοῖσι

249 2435 344 2477 vulgo
367 2432 589 2474 προνηΐοις
611 2435 736 2471 τοῖσι,
761 2432 840 2463 sicut
863 2432 943 2471 VIII,
968 2431 1010 2463 37
1035 2431 1064 2463 S.
1083 2432 1196 2473 aliique
1219 2432 1473 2475 Προνοιΐης,
1498 2434 1583 2476 quod
1606 2435 1751 2467 mendum
1776 2445 1919 2478 magnam

250 2498 289 2530 de
312 2498 435 2529 nomine
450 2496 537 2544 deae
560 2496 640 2526 inter
662 2495 748 2527 viros
772 2494 883 2527 doctos
906 2494 1153 2527 controversiam
1177 2495 1333 2527 excitavit.
1380 2496 1435 2528 His
1460 2496 1627 2539 diligenter
1648 2498 1798 2539 expensis
1822 2499 1919 2530 intel-

249 2561 368 2605 ligitur,
401 2568 494 2591 unuln
525 2557 626 2590 locum
656 2556 804 2599 relinqui,
838 2557 890 2599 qui
913 2566 970 2599 pro
994 2556 1141 2589 feminino
1165 2566 1286 2599 genere
1310 2558 1445 2591 nominis
1469 2558 1709 2592 Branchidarum
1733 2561 1835 2602 possit
1855 2561 1917 2593 'ad-

248 2623 373 2664 vocari‚
398 2620 453 2655 sed
476 2630 547 2653 eum
572 2621 682 2662 ipsum,
706 2630 800 2662 quum
823 2620 910 2663 prior
932 2629 1022 2653 error
1043 2620 1201 2662 pepererit
1224 2620 1364 2662 alterum,
1388 2621 1502 2655 nullius
1521 2631 1595 2655 esse
1614 2623 1761 2656 momenti
1786 2634 1917 2657 verum·

248 2698 311 2730 que
334 2688 374 2719 ibi
397 2687 426 2718 in
450 2684 560 2717 codice
584 2683 614 2716 S.
639 2687 804 2716 servatum.
